2075 2504
1724 228 1767 260 21

239 316 272 347 id
301 321 351 346 est
373 315 466 353 inter,
503 313 632 346 tumulos
662 313 808 358 quosdam
835 321 990 356 ponentem
1024 324 1082 357 pro
1110 314 1142 345 in
1169 313 1283 346 tumulo
1311 314 1442 357 quodam
1469 321 1643 359 ponentem,
1675 315 1768 357 quod,

240 379 336 408 quum
362 367 517 398 literarum
539 380 559 396 n
581 375 612 397 et
634 375 645 396 t
670 376 833 397 concursus
856 378 987 397 errorem
1014 367 1188 408 praebuisse
1218 367 1374 405 videatur,
1404 368 1565 399 sollicitare
1592 366 1706 405 nolim,
1738 374 1768 398 et

239 418 401 455 XXXVI,
428 420 478 449 17.
493 418 525 447 in
540 417 648 447 eodem
663 418 768 447 codice
782 418 813 446 in
835 417 894 447 duo
916 419 1017 446 maria
1039 428 1095 458 pro
1118 419 1194 446 inter
1213 417 1272 447 (Ιιιο
1294 420 1397 447 maria
1419 420 1563 460 scriptum
1579 426 1633 448 est.
1678 418 1766 448 Neu-

236 477 318 500 trum
347 468 461 499 locum⁴
478 480 533 506 ea,
564 480 625 509 qua
650 480 705 510 par
730 475 807 507 erat,
839 468 995 511 diligentia
1016 469 1152 511 inspexit
1174 469 1352 508 Goellerus,
1382 470 1435 511 q-ui
1463 470 1556 500 altero
1578 471 1609 499 in
1637 468 1766 500 tumulos

237 519 383 561 quosdam
406 521 504 549 codici
525 521 648 557 tribuit,
671 519 765 549 altero
787 519 971 549 vocabulum
992 521 1068 548 inter
1090 531 1107 549 a
1128 520 1249 549 librario
1273 522 1417 551 omissum
1440 521 1617 561 esserdixit.

323 578 438 602 scatens
450 570 610 614 fontibus]
634 570 715 601 Miro
737 582 810 601 sane
832 570 924 601 modo
947 570 998 601 lu'c
1019 571 1160 612 peccavit
1181 571 1335 609 librarius,
1367 573 1436 613 qui,
1460 582 1554 613 quum
1576 570 1763 612 praeceden-

236 623 292 653 tia:
316 624 348 652 in
368 624 531 652 immanem
554 621 759 660 altitudinem,
788 622 884 652 oculis
907 623 971 652 eius
994 624 1244 661 obversarentur,
1274 625 1306 652 ίη
1327 632 1489 653 scarensem
1502 622 1644 664 fortibus
1666 623 1765 662 scrip-

235 675 284 706 sit.
329 673 392 704 Sed
414 672 509 704 multo
532 673 650 704 foedius
673 679 857 710 monstrum,
887 673 925 703 iis
947 673 1139 714 addendum,
1168 685 1246 715 quae
1267 674 1303 704 in-
1323 674 1440 705 Comm.
1465 674 1502 704 de
1522 672 1659 703 Sallustii
1681 673 1763 703 Hist.

235 726 304 756 Lib.
326 726 381 756 III.
402 726 590 767 Fragmentis
613 725 692 756 Part.
715 725 753 755 Π.
776 738 808 766 p.
831 728 887 756 31.
907 737 974 766 sqq.
998 737 1037 756 ex
1059 726 1127 756 cod.
1150 726 1284 756 Vindob.
1306 727 1459 767 protraxi,
1492 725 1564 755 Liv.
1587 725 1686 763 XLII,
1711 726 1762 755 19.

235 777 325 814 latet,
347 777 402 806 ubi
421 786 494 816 pro:
526 776 563 804 Et
588 776 745 806 Thracum
766 775 890 816 legatis,
914 775 996 816 apud
1016 788 1052 805 se
1067 775 1311 816 disceptantibus,
1335 785 1361 805 ct
1381 778 1552 806 societatem
1575 777 1762 805 amicitiam-

235 840 291 870 que
309 826 485 869 petentibus,
508 827 591 868 quod
613 827 772 867 Grynaeus
794 826 905 864 edidit,
928 827 962 856 in
985 826 1093 857 eodem
1115 826 1240 857 codice:
1272 835 1298 856 et
1321 839 1353 856 rc
1374 839 1440 857 cum
1462 826 1570 868 legatis
1591 839 1622 857 se
1643 826 1762 868 discep-

235 881 373 920 naiisque
390 887 419 908 et
437 879 511 908 satis
530 880 702 908 societatem
723 886 781 908 etc.
804 879 964 918 reperitur.
1008 878 1078 907 Hoc
1101 877 1178 908 alius
1199 877 1328 919 iugulet.

323 930 361 959 ab
382 941 489 960 occasu
510 936 537 957 et
558 936 623 958 ortu
645 928 718 958 solis
729 929 881 970 firdtima]
905 928 1009 966 Quum
1024 927 1177 968 simplices
1199 928 1323 958 ablativi
1346 940 1454 958 occasu
1476 937 1504 958 et
1527 937 1593 959 ortu
1613 928 1686 959 solis
1707 930 1762 959 vix

236 989 286 1013 aut
307 992 347 1011 ne
368 981 424 1011 vix
446 980 572 1021 quidem
590 980 661 1010 ferri
681 979 814 1021 possint,
837 979 995 1018 Grynaeus
1012 979 1268 1020 praepositionem
1289 979 1328 1010 ab
1350 987 1431 1011 recte
1454 980 1605 1011 addidisse
1627 981 1759 1011 videtur.

235 1032 381 1063 Similiter
407 1033 440 1061 in
468 1032 536 1061 cod.
559 1032 664 1060 Bamb.
687 1030 759 1060 Liv.
782 1030 935 1068 XXXIII,
966 1032 999 1059 6.
1029 1029 1201 1066 Eretriam,
1228 1031 1311 1070 quod
1332 1031 1492 1071 Goellerus
1514 1043 1545 1072 p.
1569 1034 1622 1061 83.
1645 1038 1759 1061 temere

236 1084 380 1122 defendit,
403 1094 459 1125 pro
483 1082 525 1112 ad
544 1081 714 1118 Eretriam,
738 1081 821 1121 quod
839 1082 912 1111 Ant.
936 1080 1147 1122 Quaerengius
1169 1081 1338 1119 substituit,
1363 1093 1431 1123 cap.
1454 1084 1506 1113 17.
1528 1082 1628 1112 urbem
1650 1092 1706 1123 pro
1728 1082 1758 1111 in

234 1136 353 1174 urbem,
390 1135 473 1176 quod
501 1133 662 1165 Goellerus
691 1132 793 1163 codici
815 1131 891 1163 falso
920 1133 1042 1171 tribuit,
1079 1139 1110 1163 et
1137 1135 1294 1173 cap.,18.
1320 1131 1449 1163 alterum
1475 1144 1531 1175 pro
1553 1133 1595 1164 ad
1620 1132 1757 1171 alter-nm,

236 1188 319 1229 quod
339 1186 500 1218 Goellerus
529 1186 637 1222 itidem
661 1184 759 1215 codici
784 1184 903 1222 tribuit,
935 1195 1092 1226 perperam
1115 1190 1161 1214 est
1188 1185 1342 1225 scriptum.
1389 1184 1500 1215 Contra
1529 1197 1595 1227 cap.
1620 1188 1671 1214 10.
1703 1195 1758 1225 pro

234 1242 363 1270 novitate
382 1241 442 1277 rei,
475 1249 567 1279 quum
593 1238 723 1267 novitati
747 1238 798 1275 rei,
821 1236 937 1268 lineola
955 1237 1007 1271 illa
1018 1260 1026 1275 ‚
1048 1241 1088 1267 ut'
1104 1236 1185 1274 alibi,
1208 1236 1306 1267 veluti
1324 1237 1395 1268 Liv.
1411 1237 1563 1276 XXXIII,
1577 1238 1629 1269 41.
1645 1238 1683 1269 de
1698 1249 1758 1279 quo

233 1291 304 1322 loco
317 1302 410 1332 supra
422 1302 454 1331 p.
468 1292 521 1319 13.
533 1289 607 1326 dixi,
622 1289 662 1318 ita
676 1289 725 1318 hic
741 1299 863 1329 quoque
876 1295 990 1319 temere
1004 1289 1246 1329 superimposita,
1263 1289 1318 1318 sed
1332 1300 1400 1329 cap.
1414 1291 1466 1318 28.
1482 1289 1535 1318 ubi
1549 1301 1638 1330 quum
1651 1291 1759 1319 scirent

234 1344 292 1384 ipsi
306 1340 392 1379 nihil,
413 1342 549 1382 opinione
562 1341 693 1369 omnium
703 1352 760 1380 pro
774 1339 885 1369 indicio
901 1341 956 1377 usi,
973 1339 1166 1370 scribendum
1182 1350 1257 1377 esse,
1272 1339 1306 1369 in-
1318 1340 1419 1380 Epist.
1435 1339 1472 1369 ad
1485 1339 1621 1371 Goeller.
1637 1353 1668 1382 p.
1685 1340 1758 1370 452.

235 1393 342 1431 docui,
365 1404 381 1422 a
402 1392 541 1429 librario,
563 1391 596 1420 id
619 1391 702 1431 quod
714 1390 873 1421 Goellerus
895 1402 957 1421 non
979 1390 1067 1426 vidit,
1089 1391 1121 1419 in
1142 1389 1293 1420 vocabulo
1316 1391 1453 1432 opinione
1473 1398 1555 1421 recte
1576 1392 1703 1429 omissa,
1726 1391 1758 1421 in

235 1444 340 1475 codice
364 1449 476 1481 exstet,
501 1449 532 1473 et
549 1442 630 1473 idem
650 1442 777 1473 ablativi·
795 1449 867 1473 usus
888 1441 960 1472 Liv.
982 1441 1020 1479 11,
1045 1443 1096 1471 10.
1120 1448 1150 1471 et
1171 1441 1225 1479 111,
1248 1443 1300 1471 38.
1324 1448 1413 1482 atque
1436 1442 1529 1473 Ovid.
1552 1442 1757 1484 Metamorph.

234 1497 273 1534 11,
289 1497 340 1526 31.
357 1495 532 1535 reperiatur,
555 1506 655 1534 neque
672 1507 726 1535 per
740 1495 897 1524 novitatem
912 1495 965 1530 rei,
989 1493 1071 1534 quod
1087 1493 1152 1534 ipse
1168 1492 1241 1523 olim
1254 1494 1386 1534 reposui,
1407 1506 1506 1534 neque
1528 1503 1650 1536 proptor
1672 1495 1757 1524 novi-

235 1555 326 1577 tatem
349 1547 409 1582 rei,
431 1545 513 1585 quod
527 1545 685 1574 Bekkerus
706 1552 827 1574 auctore
844 1545 981 1574 Iacobsio
999 1556 1030 1585 p.
1053 1547 1132 1574 388.
1151 1546 1283 1585 recepit,
1307 1545 1540 1583 admittendum,
1564 1552 1595 1575 et
1616 1557 1681 1586 cap.
1706 1548 1755 1576 12.

234 1609 290 1640 pro
312 1599 344 1627 in
364 1595 495 1638 proelio,
526 1596 608 1636 quod
630 1594 790 1626 Goellerus
819 1605 918 1624 errore
947 1595 1050 1625 nescio
1082 1605 1143 1635 quo
1175 1594 1278 1636 lapsus
1308 1596 1406 1626 codici
1432 1596 1537 1626 tribuit
1565 1603 1596 1626 et
1616 1595 1755 1626 Bekkero

234 1650 346 1691 pariter
368 1659 401 1678 ac
424 1647 561 1677 mihimet
582 1647 641 1688 ipsi
661 1647 763 1678 fucum
785 1646 875 1685 fecit,
895 1645 1054 1687 vulgatum
1073 1644 1190 1687 proelio
1212 1647 1436 1684 revocandum3
1463 1648 1639 1687 praesertim
1661 1658 1756 1687 quum

234 1700 344 1731 Livius
367 1699 456 1729 ctiam
478 1698 541 1736 IX,
567 1700 618 1730 18.
643 1705 672 1728 et
696 1701 746 1730 19.
769 1704 857 1738 atque
880 1697 995 1733 XXX,
1019 1699 1071 1726 30.
1094 1703 1126 1726 et
1147 1698 1199 1726 35.
1220 1697 1475 1737 praepositionem
1497 1698 1640 1728 omiserit.

323 1752 398 1782 artis
410 1749 559 1793 faucibus
582 1749 736 1792 dirimens]
759 1748 949 1780 Vocabulum
963 1747 1094 1791 fauces,
1124 1747 1196 1778 Liv.
1221 1748 1376 1786 XXVIII,
1406 1751 1462 1779 30.
1491 1749 1528 1779 de
1557 1748 1633 1779 freto
1656 1747 1756 1780 Gadi-

234 1812 306 1835 tano
325 1803 476 1844 positum,
499 1812 564 1832 non
582 1801 680 1832 solum
702 1802 753 1832 hic
776 1808 806 1831 et
823 1801 967 1839 XXXII,
990 1803 1042 1831 21.
1067 1800 1104 1830 de
1126 1799 1241 1830 Isthmo
1265 1800 1390 1837 dicitur,
1412 1800 1466 1830 sed
1489 1800 1578 1830 etiam
1601 1801 1754 1839 XXXIII,

236 1858 288 1885 17.
309 1855 379 1891 ubi,
403 1864 496 1895 quum
517 1853 549 1882 in
572 1853 623 1882 ed.
642 1853 729 1894 Mog.
750 1854 787 1882 iis
806 1851 943 1892 partibus
961 1850 1094 1892 legatur,
1116 1851 1148 1879 in
1171 1851 1239 1880 cod.
1257 1851 1344 1891 Mog.
1368 1851 1443 1879 artis
1462 1850 1599 1891 partibus
1620 1862 1677 1892 pro
1699 1863 1755 1881 ar-

234 1908 272 1938 tis
291 1905 441 1949 faucibus
471 1903 619 1936 exstitisse
643 1911 673 1934 et
702 1903 848 1944 syllabam
869 1915 907 1933 ar
929 1913 995 1933 cum
1025 1902 1124 1943 priore
1147 1899 1218 1932 libri
1245 1901 1388 1932 tricesimi
1415 1903 1494 1932 tertii
1523 1910 1608 1944 parte
1631 1903 1754 1933 interci-

236 1959 316 1989 disse
337 1964 470 1997 apparet.
514 1957 599 1986 Haec
623 1955 765 1987 Goellero
790 1956 994 1995 potissimum,
1023 1954 1076 1999 qui
1096 1965 1128 1993 p.
1151 1957 1203 1984 21.
1225 1961 1289 1983 not.
1313 1956 1344 1983 6.
1369 1953 1407 1983 de
1428 1953 1487 1983 hac
1508 1954 1574 1995 ipsa
1595 1966 1627 1983 re
1649 1965 1756 1994 parum

236 2015 372 2041 accurate
395 2007 557 2049 exposuit,
577 2007 659 2037 diem·
676 2013 776 2037 sunto.

322 2058 483 2099 inclutam]
506 2060 594 2089 Hanc
616 2059 706 2088 huius
725 2056 877 2087 vocabuli
905 2056 1098 2097 scripturam,
1125 2067 1218 2096 quum
1248 2055 1327 2085 illud
1350 2068 1367 2085 a
1389 2056 1456 2086 cluo
1479 2057 1544 2086 sive
1567 2055 1650 2087 clueo
1673 2058 1753 2087 deri-

235 2118 343 2149 vetur,
372 2110 422 2140 hic
452 2117 482 2140 et
510 2110 582 2140 alibi
603 2108 732 2151 praetuli
761 2107 882 2150 vulgari
902 2106 1058 2146 inclitam,·
1087 2107 1263 2149 praesertim
1294 2118 1388 2148 quum
1417 2107 1555 2137 librarius
1585 2107 1645 2138 hoc
1675 2107 1753 2145 loco,

236 2163 318 2204 quod
341 2162 471 2201 mireris,
502 2169 532 2192 et
552 2161 695 2202 inclytum
719 2167 749 2191 et
770 2158 914 2190 inclutum
935 2159 1079 2200 posuerit.
1124 2159 1187 2189 Sed
1209 2159 1240 2188 in
1264 2159 1418 2189 codicibus
1440 2159 1672 2189 Vindobonensi
1698 2171 1753 2188 an-
