2075 2504
256 228 310 268 ,24

268 315 400 353 ducenti,
428 315 511 355 quod
542 326 582 345 ex
610 315 860 357 praecedentibus
890 315 969 346 male
997 316 1158 357 repetitum
1188 323 1244 347 est.
1290 315 1336 347 Cf.
1360 314 1516 349 Plutarch.
1539 315 1652 348 Aemil.
1677 329 1743 359 cap.
1767 320 1796 350 9.

267 368 320 398 ubi
342 367 423 397 idem
446 367 583 408 equitum
607 375 762 408 captorum
786 379 929 398 numerus
951 368 1109 408 reperitur.
1154 368 1234 398 Vide
1256 368 1366 410 igitur,
1398 379 1436 398 an
1457 369 1529 399 Liv.
1553 368 1714 407 XXXIII,
1745 369 1797 400 14.

267 420 334 450 cod.
357 420 463 449 Bamb,
493 418 601 449 lacuna
627 420 667 448 ita
690 419 728 449 sit
750 418 918 460 explenda,
947 426 980 449 ut
1001 430 1057 460 pro
1080 431 1122 450 ex
1143 419 1246 460 quibus
1269 427 1445 449 armaturae
1466 418 1554 458 levis,
1581 420 1702 450 numeri
1727 426 1800 449 nota

267 472 394 509 inserta,
419 471 547 501 scribas:
568 482 610 500 ex
631 469 734 511 quibus
757 482 777 499 a
801 479 977 500 armaturae
998 469 1085 509 levis,
1102 470 1148 500 -id
1171 477 1216 501 est
1237 472 1404 512 quingenti,
1435 471 1495 502 nisi
1516 466 1592 502 forie
1614 472 1665 502 hic
1686 483 1798 502 nume-

267 534 319 554 rus
350 524 431 553 iusto
461 522 559 552 minor
586 521 685 551 fuerit.
731 522 854 552 Utinam
876 522 945 552 Liv.
969 522 1078 560 XLII,
1108 524 1137 553 5.
1162 522 1229 553 cod.
1253 520 1392 553 Vindob.
1412 515 1578 564 scriptur-ai
1603 523 1673 553 iusti
1695 522 1800 553 crediti

267 573 442 605 solutionem
464 574 500 602 *in
526 584 544 603 z
573 584 722 603 annorum
750 574 902 614 pensiones
933 572 1096 612 distribuit,
1125 573 1265 604 similiter
1282 567 1346 604 *vel
1375 573 1527 614 suppleri,
1561 573 1614 604 vel
1645 573 1799 604 emendari

266 627 374 668 possit.

352 677 457 706 missos
479 675 519 704 ab
542 674 586 704 A.
604 674 720 704 Baebio
740 674 897 716 praefecto
918 675 1078 716 praesidii]
1102 675 1187 706 Olim
1196 676 1333 716 quidem,
1356 688 1395 707 ne
1418 677 1485 717 quis
1500 676 1630 717 amplius
1645 688 1714 707 cum
1727 676 1797 706 Du-

267 727 342 758 kero
366 727 403 757 de
425 726 534 756 horum
558 725 720 754 verborum
742 726 892 756 sententia
912 725 1072 763 laboraret,
1095 737 1151 768 pro
1173 727 1277 757 missos
1300 739 1321 757 a
1343 726 1459 757 Baebio
1479 726 1626 768 praeside,
1649 737 1743 767 quum
1764 727 1797 755 in

268 779 336 809 cod.
371 778 506 807 Vindob.
537 787 600 806 non
627 776 783 817 praeside,
813 778 868 807 sed
895 777 1030 818 praesidi
1058 771 1194 819 legatur,
1220 778 1343 819 plenius
1376 778 1474 808 edidi:
1505 779 1609 809 missos
1632 790 1657 808 a
1679 776 1798 808 Baebio

267 829 426 872 praefecto
456 827 619 869 praesidii,
650 828 732 868 quod
761 827 921 858 Bekkerus
951 839 1074 869 quoque
1103 829 1192 859 tacite
1223 830 1348 870 recepit.
1392 829 1501 869 Neque
1530 836 1576 860 est
1585 853 1598 868 ,Ι
1624 840 1677 859 cur
1706 828 1797 859 huius

267 880 473 923 supplementi
500 891 548 909 me
576 879 739 920 poeniteat.
784 878 931 909 Similiter
961 879 1042 909 enim
1064 880 1097 910 in
1120 879 1189 909 cod„
1212 880 1317 910 Bamb.
1341 880 1412 910 Liv.
1435 880 1596 917 XXXIV,
1626 881 1680 910 25.
1701 890 1796 921 prae-

257 932 364 975 fectus
383 931 518 973 praesidi
538 941 594 971 pro
613 930 787 972 praefectus
807 930 978 971 praesidio,
1002 938 1032 961 et
1054 931 1230 968 XXXVII,
1255 935 1305 963 12.
1319 930 1476 974 praefecto
1488 931 1623 973 praesidi
1634 928 1692 973 pro
1702 943 1796 972 prae-

257 983 349 1026 fecto
375 981 537 1024 praesidii,
568 989 658 1022 atque
688 982 721 1011 in
743 981 810 1022 ipso
834 982 902 1011 cod.
932 982 1067 1012 Vindob.
1088 982 1160 1012 Liv.
1181 982 1300 1021 XLIII,
1333 985 1384 1013 18.
1411 982 1637 1025 praefectorum
1663 981 1798 1024 praesidi

265 1046 321 1077 pro
342 1033 567 1077 praefectorum
588 1032 736 1074 praesidii
757 1033 903 1073 scriptum
926 1040 981 1063 est.
1024 1033 1114 1064 Nunc
1137 1040 1254 1072 autem,
1283 1045 1376 1074 quum
1405 1045 1468 1064 non
1490 1034 1590 1065 solum
1611 1033 1796 1065 vocabulum

264 1084 440 1127 praefecto,
469 1085 523 1114 sed
547 1085 636 1114 etiam
659 1094 844 1124 praenomen
873 1084 994 1122 Baebii,
1024 1084 1107 1124 quod
1129 1084 1238 1115 Livius
1260 1085 1337 1115 iufra
1360 1096 1425 1126 cap.
1445 1088 1497 1115 31.
1520 1085 1650 1123 addidit,
1682 1085 1796 1115 librarii

267 1136 357 1177 culpa
379 1136 584 1172 intercidisse,
606 1141 637 1164 et
659 1134 698 1164 ab
721 1146 752 1164 α.
766 1133 880 1164 *baebio
903 1135 935 1165 in
959 1147 979 1164 a
1002 1134 1107 1165 baebio
1130 1135 1237 1166 abiisse
1259 1135 1416 1173 videatur,
1447 1135 1600 1177 duplicem
1622 1135 1713 1166 huius
1733 1133 1796 1165 loci

266 1187 404 1218 lacunam
432 1187 473 1216 ita
503 1186 645 1227 explevi:
676 1187 781 1216 missos
804 1185 843 1216 ab
865 1185 910 1216 A.
933 1186 1050 1217 Baebio
1073 1185 1231 1229 praefecto
1259 1186 1423 1229 praesidii,
1453 1179 1578 1227 eiusque
1606 1186 1796 1217 emendatio-

265 1248 337 1268 nem
359 1237 488 1267 absolvi.

352 1287 507 1330 possideri.
554 1287 662 1325 lassis,
692 1289 744 1330 qui
773 1287 989 1330 arguebantur]
1020 1288 1197 1329 Grymeus,
1228 1300 1322 1330 quum
1348 1296 1376 1319 et
1397 1287 1522 1319 est-ulum
1549 1287 1700 1330 possidere
1732 1288 1796 1318 ius-

267 1341 308 1370 sis
329 1341 380 1381 qui
403 1339 605 1381 arguebantur·
623 1339 817 1380 Ampipolim
840 1339 941 1369 adesse
966 1341 998 1370 in
1027 1340 1132 1371 codice
1154 1341 1327 1381 reperisset,
1351 1340 1505 1371 librarium
1526 1341 1622 1371 verba
1642 1340 1693 1369 hic
1715 1349 1796 1380 quo-

268 1403 343 1433 que,
372 1398 407 1421 ut
427 1391 498 1421 Liv.
523 1391 630 1428 XLII,
660 1393 712 1421 27.
734 1392 787 1421 ubi
810 1390 956 1421 Brundisi
978 1390 1079 1421 adesse
1107 1391 1167 1422 hac
1188 1390 1284 1421 classe
1311 1391 1419 1422 iuberet
1439 1402 1495 1433 pro
1517 1390 1675 1421 Brundisii
1697 1389 1798 1420 adesse

265 1444 384 1474 iuberet.
429 1442 506 1473 Hac
528 1442 624 1473 classe
647 1450 704 1472 etc.
728 1443 848 1483 posuit,
880 1450 910 1473 et
932 1443 1055 1480 XLIV,
1084 1446 1138 1473 22.
1160 1443 1214 1473 ubi
1236 1442 1356 1484 quando
1379 1444 1498 1484 quiesset
1525 1444 1563 1473 sit
1584 1455 1620 1472 ne
1640 1441 1712 1484 quid
1731 1453 1795 1471 me-

265 1494 324 1526 lius
337 1493 522 1537 faciendum
545 1495 599 1531 sii,
622 1504 678 1534 pro
692 1493 813 1534 quando
832 1495 942 1535 quiesse
959 1495 997 1523 sit
1021 1492 1135 1524 melius.
1179 1493 1246 1523 Nec
1267 1493 1339 1535 quid
1351 1493 1536 1535 faciendum
1558 1495 1596 1523 sit
1617 1500 1674 1524 etc.
1696 1494 1795 1534 scrip-

267 1547 323 1583 sit,
352 1557 510 1587 perperam
531 1546 753 1586 transposuisse
776 1545 933 1586 opinatus,
961 1551 1058 1575 totum
1081 1544 1183 1575 locum
1204 1545 1237 1575 in
1259 1545 1342 1575 hunc
1363 1546 1503 1576 ordinem
1524 1545 1657 1587 redegit:
1686 1551 1713 1574 et
1735 1556 1795 1575 ez·-

264 1595 364 1626 sulum
385 1596 548 1636 possidere,
579 1597 629 1637 qui
651 1596 826 1636 arguebant.
872 1596 963 1626 Iussis
984 1595 1198 1637 Amphipolim
1221 1596 1322 1626 adesse
1349 1603 1406 1626 etc.
1450 1597 1520 1625 Hoc
1543 1607 1649 1626 omnes
1671 1596 1795 1626 omnino

265 1647 350 1677 Livii
379 1646 508 1677 editores
530 1648 737 1684 retinuerunt,
760 1647 801 1676 ita
820 1653 937 1684 tamen,
959 1653 993 1676 ut
1015 1646 1174 1677 Bekkerus
1196 1658 1316 1677 mecum
1339 1657 1379 1677 ex
1401 1645 1518 1676 Dukeri
1539 1646 1688 1677 sententio
1709 1645 1794 1675 Am-

266 1696 383 1740 phipoli
405 1698 566 1735 scriberet,
598 1705 687 1739 atque
710 1698 912 1739 Doeringius,
943 1698 968 1728 si
991 1698 1114 1738 quidem
1136 1697 1350 1739 Amphipolim
1372 1696 1536 1739 legendum
1558 1698 1616 1734 sit,
1647 1698 1742 1727 verba
1763 1698 1796 1727 in

268 1751 373 1779 castris
402 1748 446 1779 od
479 1755 548 1778 ante
576 1748 637 1778 hoc
665 1759 778 1790 nomen
802 1749 968 1786 excidisse,
998 1756 1112 1779 temere
1142 1755 1296 1779 statueret.
1343 1747 1445 1787 Quum
1468 1744 1586 1794 autem,
1615 1748 1641 1779 si
1663 1747 1796 1793 Grynaei

267 1801 413 1831 rationem
436 1800 587 1840 sequaris,
609 1810 666 1840 pro
690 1800 740 1840 qui
761 1799 943 1839 arguebam,
967 1800 1033 1830 sive
1049 1800 1124 1830 haec
1147 1801 1241 1830 verba
1263 1800 1301 1829 ad
1324 1799 1466 1837 Aetolos,
1489 1800 1612 1840 Lycisci
1635 1806 1665 1829 et
1687 1800 1795 1841 Tisip-

266 1852 299 1893 pi
322 1858 524 1888 accusatores,
549 1863 617 1881 cum
641 1850 817 1887 CrevieriO,
839 1849 986 1891 Rup‘ertio
1010 1857 1040 1881 et
1051 1852 1219 1893 Doeringio
1242 1852 1429 1892 ineptissime
1451 1851 1578 1888 referas,
1594 1851 1666 1882 ⁴sive
1690 1852 1795 1881 eadem

268 1903 305 1933 ad
326 1902 492 1942 Lyciscum
516 1909 545 1931 et
567 1902 749 1943 Tisippum‚
780 1909 952 1932 senatorum
975 1908 1178 1940 accusatores,
1209 1912 1285 1942 quos
1308 1901 1421 1939 multo,
1449 1913 1541 1942 quam
1562 1899 1651 1940 illos,
1680 1904 1793 1944 proba-

267 1953 356 1984 bilius
389 1959 434 1983 est
464 1953 544 1982 bona
572 1964 691 1991 eorum,
719 1953 771 1994 qui
794 1953 944 1983 interfecti
966 1960 1083 1991 essent,
1115 1960 1146 1983 et
1168 1953 1308 1984 exsulum
1327 1953 1517 1994 possedisse,
1547 1954 1658 1984 rectius
1679 1954 1793 1991 referri,

267 2016 337 2035 cum
358 2004 554 2046 Heusingero
584 2015 722 2042 censeas,
751 2006 802 2046 qui
824 2012 981 2045 arguerent
1002 2003 1180 2046 ponendum
1204 2016 1270 2035 esse
1299 2004 1456 2043 videatur,
1487 2012 1607 2036 servato
1629 2006 1794 2035 verborum

267 2056 394 2094 ordine,
417 2067 479 2086 non
502 2062 563 2085 tam
586 2056 637 2097 qui
659 2055 841 2095 arguebant,
865 2055 949 2096 quod
972 2062 1002 2085 et
1023 2056 1089 2096 ipse
1112 2054 1185 2084 olim
1207 2056 1245 2085 ad
1259 2053 1387 2086 Aetolos
1409 2066 1474 2086 rem
1496 2056 1534 2086 ad
1548 2055 1714 2086 Aemilium
1736 2055 1793 2085 de-

266 2109 398 2138 serentes
421 2107 570 2148 pertinere
594 2107 755 2148 opinabar,
778 2118 869 2147 quam
891 2108 941 2148 qui
963 2106 1183 2148 arguebantur,
1206 2107 1289 2148 quod
1311 2118 1375 2138 non
1396 2106 1495 2138 solum
1518 2107 1556 2138 ad
1577 2106 1741 2146 Lyciscum
1763 2112 1794 2137 et
