2075 2504
286 192 332 226 20

377 278 451 321 cap.
475 278 626 310 XXVIII.
671 277 833 321 Sacrificio
856 276 1016 309 Minervae
1034 275 1168 320 praesidi
1189 276 1271 307 arcis
1291 276 1324 306 in
1345 275 1417 306 urbe
1427 273 1538 319 facto]
1561 275 1711 308 Similiter
1728 287 1819 320 supra

290 342 354 371 cap.
367 334 419 361 27.
442 332 595 372 sacrificio
609 330 752 372 Apollini
764 329 880 372 facto,
912 337 941 360 et
962 330 1114 371 sacrificio
1138 328 1203 359 Iovi
1224 327 1441 370 Hercynaeque
1453 327 1568 370 facto:
1591 328 1735 369 idemque
1748 330 1820 364 Liv-

290 381 390 418 XLII,
406 383 458 410 51.
473 380 587 422 legitur
600 392 639 410 ex
654 388 756 411 nostra
770 381 997 410 emendatione:
1020 381 1173 421 sacrificio
1189 378 1333 420 regaliter
1346 378 1516 416 Minervae,
1533 379 1623 421 quani
1635 386 1745 408 vocant
1752 379 1818 409 Al-

289 431 437 470 cidemon,
452 431 560 475 facto.
595 433 672 463 Nam
687 433 719 462 in
733 432 802 462 cod.
817 432 951 462 Vindob.
964 430 1107 461 Alcidem
1123 430 1268 473 confacio
1281 431 1429 472 reperitur
1443 441 1498 472 pro
1512 429 1655 460 Alc-idem
1671 429 1822 479 ⁰⁰'if‘f0107

290 483 374 523 quod
386 483 546 521 Grynaeus
560 483 665 512 edidit.
688 483 849 512 Bekkerus
866 490 965 511 autem
983 493 1032 511 me
1055 489 1180 512 secutus
1191 483 1339 522 integram
1353 482 1445 511 huius
1469 481 1686 511 emendationis
1703 481 1819 522 glorio-

290 532 352 564 lam
369 533 514 563 Turnebo
529 533 645 571 tribuit,
662 534 715 574 qui
728 534 807 564 nihil
823 535 880 565 nisi
896 535 954 565 hoc
971 533 1145 563 adnotavit:
1161 533 1295 571 „Animo
1310 533 1434 563 incessit
1445 542 1514 562 meo
1528 532 1622 562 libido
1637 530 1821 563 Alcidemon

292 584 443 615 scribendi
453 586 484 618 ;“
515 585 646 624 ideoque
669 586 855 629 vocabulum
879 585 1036 627 confecto,
1060 585 1143 624 quod
1165 585 1234 621 hic,
1257 584 1330 613 licet
1350 584 1421 613 Liv.
1444 583 1565 621 XLIV,
1590 586 1640 613 19.
1664 585 1817 624 sacrificio

291 636 348 665 rite
358 633 508 677 perfecto,
530 643 560 666 et
576 647 642 677 cap.
657 638 709 667 37.
729 637 879 677 sacrificio
898 637 952 666 rite
972 643 1142 678 perpetrato
1164 635 1298 677 legatur,
1321 633 1453 675 simplici
1466 633 1565 676 facto
1586 635 1674 665 cedat
1694 645 1819 666 necesse

292 694 354 723 est,
373 697 437 716 non
457 688 635 717 mutandum
658 699 723 718 esse
747 688 876 718 censuit.
923 688 1042 718 Eodem
1063 688 1125 717 fere
1149 687 1240 716 modo
1264 687 1295 716 in
1318 686 1378 715 hoc
1400 686 1496 715 verbo
1509 693 1668 726 peccatum
1684 693 1729 717 est
1747 687 1818 717 Liv.

291 738 444 775 XXXIII,
462 737 514 767 44.
530 730 606 775 ubi,
623 749 717 778 quum
740 749 796 778 pro
809 740 887 767 iussu
895 738 1002 779 fecere
1024 739 1055 767 in
1079 738 1146 767 cod.
1160 738 1268 767 Bamb.
1286 748 1348 766 non
1370 737 1453 766 iussit
1466 736 1589 778 fecere,
1611 745 1645 767 ut
1659 737 1819 767 Goellerus

290 789 447 831 perffibet,
471 790 526 820 sed
540 790 622 818 iussit
627 788 742 830 facere
756 789 940 830 reperiatur,
964 789 1094 819 scribere
1109 788 1231 818 malim:
1254 799 1303 817 ver
1324 799 1445 817 sacr-um
1460 799 1501 817 ezr
1517 787 1632 818 decreto
1643 789 1820 830 pontificum

290 842 363 870 iussi
375 840 506 881 facere,
536 841 568 869 id
592 847 637 869 est
649 839 765 880 facere
786 841 859 868 iussi
879 848 955 869 sunt.
1002 840 1108 869 Paullo
1130 847 1202 879 post
1231 840 1313 869 haud
1336 846 1512 869 cunctanter
1539 850 1578 869 ex
1601 840 1709 869 eodem
1732 840 1820 869 codi-

290 902 326 920 ce
348 890 579 931 reponendum:
608 901 667 918 non
695 890 840 918 minorem
863 889 936 919 belli
957 889 1066 919 molem
1089 890 1202 918 instare
1225 889 1263 918 ab
1286 889 1439 919 Antiocho
1462 889 1638 927 docuerunt,
1666 900 1722 931 pro
1744 890 1819 920 vul-

289 948 359 983 gato
383 948 414 972 et
434 952 541 982 parum
564 948 635 981 apto
659 948 787 978 restare,
811 940 893 980 quod
911 940 1073 971 Goellerus
1093 940 1170 970 libro
1193 952 1285 971 manu
1299 941 1412 981 scripto
1435 940 1510 971 falso
1522 942 1637 972 tribuit.
1683 941 1733 971 Sic
1747 938 1831 972 Liv.'

288 993 335 1029 V,
360 995 412 1022 37.
439 992 538 1031 Quum
559 999 650 1021 tanta
671 990 766 1020 moles
788 990 867 1019 mali
888 991 1028 1021 instaret.
1075 991 1135 1020 Sed
1153 1003 1219 1031 cap.
1245 994 1297 1021 31.
1321 993 1374 1022 ubi
1396 993 1428 1021 in
1453 993 1522 1021 cod.
1542 993 1716 1033 Bamb.pro
1732 1001 1817 1023 trac-

288 1042 456 1080 tabantur,
486 1043 519 1072 id
541 1042 624 1083 quod
647 1041 809 1072 Goellerus
837 1043 1059 1082 praetermisit,
1089 1042 1287 1083 agitabantur
1308 1041 1435 1084 legitur,
1465 1054 1559 1083 quum
1581 1043 1640 1074 hoc
1662 1044 1745 1075 illius
1766 1045 1817 1074 in-

289 1101 560 1135 terpretamentum
583 1105 648 1124 esse
674 1093 829 1130 videatur,
860 1092 1019 1135 vulgatum
1041 1094 1235 1124 retinendum
1258 1093 1377 1125 censeo.
1421 1095 1592 1135 Utrumque
1614 1102 1715 1126 tamen
1736 1103 1818 1127 recte

289 1145 366 1183 dici,
398 1145 628 1175 Drakenborch.
652 1144 690 1175 ad
712 1144 784 1174 Liv.
807 1144 868 1181 ΙΙΙ,
900 1144 960 1183 49,
992 1148 1021 1176 6.
1046 1153 1076 1176 et
1099 1146 1244 1184 XXXV,
1274 1149 1331 1184 32,
1366 1149 1417 1176 13.
1440 1147 1552 1177 docuit.
1598 1146 1739 1177 Ceterum
1761 1149 1817 1178 sub

288 1196 422 1227 eiusdem
446 1197 552 1237 capitis
574 1198 666 1226 finem
678 1207 741 1226 non
765 1197 882 1236 accipi,
906 1203 940 1226 ut
958 1196 1118 1227 Goellerus
1141 1198 1297 1238 perhibet,
1320 1198 1351 1227 in
1368 1198 1480 1228 codice
1496 1199 1660 1241 reperitur,
1684 1199 1737 1229 sed
1760 1211 1816 1229 ac—

286 1248 399 1288 cipere,
431 1247 514 1287 quod
535 1247 583 1277 illi
605 1258 668 1277 non
691 1247 898 1288 praetulerim.
943 1248 1052 1278 Livius
1076 1249 1157 1277 enim
1180 1249 1347 1278 orationem
1370 1248 1509 1289 cons-ulto
1531 1250 1662 1279 variasse
1684 1250 1816 1280 videtur.

374 1297 520 1338 Isthmus]
544 1299 613 1328 Hoc
642 1309 754 1328 nomen
788 1310 850 1328 non
880 1298 980 1329 solum
1002 1300 1053 1329 hic
1076 1306 1106 1329 et
1127 1299 1231 1340 paullo
1260 1306 1331 1340 post
1351 1300 1383 1329 in
1413 1300 1519 1331 codice
1549 1301 1593 1330 ita
1619 1301 1816 1342 depravatum

285 1355 350 1385 est,
381 1355 416 1378 ut
437 1348 577 1379 librarius
606 1348 740 1378 sthamus
769 1357 914 1390 poneret,
944 1350 998 1380 sed
1021 1351 1111 1380 etiam
1131 1351 1202 1380 Liv.
1228 1350 1334 1388 XLII,
1366 1353 1416 1380 16.
1439 1351 1472 1380 in
1495 1351 1604 1380 eodem
1627 1352 1732 1381 codice
1753 1362 1816 1382 non

283 1400 385 1430 minus
420 1407 561 1441 corrupte
596 1412 649 1441 per
691 1399 791 1430 ’sihmi
827 1402 928 1441 iugum
966 1402 1113 1442 scriptum
1142 1401 1302 1442 reperitur.
1362 1401 1412 1431 sic
1451 1400 1525 1431 olim
1553 1401 1623 1432 Liv.
1662 1402 1814 1442 XXXIII,

285 1454 338 1481 32.
362 1459 392 1481 et
423 1451 476 1482 34.
501 1463 542 1482 ex
571 1452 639 1481 cod.
667 1452 754 1493 Mog.
777 1451 960 1482 Nemeorum
983 1459 1013 1483 et
1034 1454 1093 1482 ista
1117 1453 1277 1491 edebatur,
1309 1454 1418 1496 quibus
1441 1464 1522 1483 nunc
1546 1464 1586 1484 ex
1608 1454 1676 1485 cod.
1706 1455 1812 1485 Bamb-

286 1501 481 1531 Isthmiorum
505 1509 536 1532 et
558 1502 687 1531 Isthmia
710 1504 931 1533 substituimus.

372 1554 455 1583 intra
483 1554 617 1594 moenia]
640 1554 826 1595 Vulgatum:
855 1556 930 1584 inter
958 1556 1077 1592 omnia,
1109 1555 1191 1596 quod
1213 1556 1312 1586 codex
1341 1556 1448 1593 offert,
1478 1557 1661 1598 Doeringius
1683 1557 1814 1597 pessime

283 1604 498 1644 interpretatur
519 1606 575 1643 ita,
598 1612 648 1643 ut,
671 1617 771 1636 rarum
794 1618 865 1637 sane
889 1606 1031 1647 ellipseos
1054 1618 1150 1648 genus
1167 1615 1372 1645 commentus,
1396 1607 1580 1638 vocabulum
1603 1607 1715 1649 oppida
1737 1620 1813 1650 sup-

284 1654 432 1695 plendum
456 1665 521 1685 esse
543 1663 681 1695 censeat3
704 1657 791 1697 quasi
810 1657 919 1688 Livius
942 1658 1000 1688 hoc
1024 1658 1081 1688 sibi
1102 1658 1194 1697 velit,
1217 1658 1473 1701 Acrocorinthum
1494 1659 1574 1689 inter
1597 1659 1696 1689 omnia
1716 1659 1813 1690 Grae-

285 1706 346 1736 ciae
370 1706 484 1748 oppida
505 1707 537 1736 in
559 1708 722 1737 immanem
755 1707 945 1738 altitudinem
976 1709 1067 1739 fuisse
1090 1710 1211 1740 editam.
1256 1710 1301 1739 Ita
1318 1709 1426 1740 Livius
1449 1721 1511 1741 non
1534 1710 1674 1752 desipuit.
1718 1710 1812 1742 Prae-

283 1757 391 1787 stiterit
419 1757 526 1788 saltem
555 1759 632 1788 inter
660 1760 764 1788 omnia
794 1759 946 1800 explicare
975 1761 1127 1801 perimet·
1150 1761 1249 1791 omnes
1273 1769 1384 1791 ceteras
1408 1760 1541 1792 Corinthi
1560 1770 1671 1804 paries.
1714 1762 1812 1793 Malui

230 1805 235 1814 '
252 1807 255 1810 ’
282 1815 395 1845 tamen,
417 1807 489 1838 licet
502 1809 648 1849 Polybius
665 1820 789 1851 quoque
811 1811 842 1839 in
863 1811 1047 1852 fragmento,
1072 1812 1154 1852 quod
1177 1824 1267 1854 supra
1281 1812 1351 1853 p.4.
1365 1819 1429 1843 not.
1437 1813 1468 1844 4.
1477 1813 1601 1855 protuli,
1624 1824 1811 1845 commemo-

0 2356 251 2504 k

282 1859 396 1890 raverit
419 1860 501 1889 arcis
523 1863 791 1903 opperiuniiatem,
821 1869 885 1891 iam
908 1861 951 1892 acl
972 1861 1062 1901 loca,
1085 1876 1160 1905 quac
1182 1865 1264 1894 intra
1287 1863 1450 1903 Isthmum,
1474 1876 1563 1907 quam
1588 1865 1631 1896 ad
1652 1878 1706 1905 ea,
1735 1878 1812 1909 quac

283 1919 374 1940 extra
395 1912 457 1940 sita
485 1920 568 1948 sum,
598 1913 668 1943 coll.
700 1914 800 1943 Strab.
821 1914 911 1950 VIII,
941 1916 971 1943 4.
996 1922 1025 1944 et
1049 1917 1078 1943 6.
1104 1925 1143 1944 ex
1165 1915 1316 1945 Gronovii
1345 1917 1571 1954 emendatione,
1599 1928 1615 1946 a
1645 1918 1810 1955 Crevierio,

283 1961 422 1992 Bekkero
453 1961 581 2002 aliisque
609 1965 748 2004 probata,
779 1966 862 1994 inira
884 1966 1002 1995 moenia
1030 1966 1172 1997 scribere.
1216 1966 1369 1997 Librarios
1398 1974 1498 1997 autem
1528 1978 1590 1998 non
1613 1968 1712 1999 solum
1734 1969 1810 1998 inter

284 2019 314 2042 et
335 2014 432 2051 intra,
455 2013 509 2043 sed
533 2014 621 2043 etiam
645 2016 676 2043 in
699 2023 729 2046 et
750 2017 827 2045 inter
848 2023 1050 2055 permutasse,
1074 2018 1145 2047 satis
1168 2024 1293 2047 constat,
1338 2019 1410 2048 Vid.
1428 2018 1657 2049 Drakenborch.
1679 2019 1715 2048 ad
1737 2019 1808 2050 Liv.

282 2063 331 2100 V,
354 2066 412 2103 27,
435 2067 466 2094 2.
491 2071 521 2094 et
539 2064 731 2104 XXXVIII,
755 2069 814 2105 57,
839 2068 870 2097 6.
916 2067 966 2097 Sic
988 2067 1058 2097 Liv.
1081 2068 1241 2107 XXXIII,
1265 2070 1316 2099 36.
1339 2068 1372 2098 in
1392 2068 1461 2099 eod.
1484 2070 1588 2101 Bamb.
1612 2076 1715 2100 castra
1735 2067 1806 2109 ins,
