2075 2504
763 414 1263 459 EPILOGUS.

333 539 437 584 Quae
457 553 529 586 per·
541 538 735 587 proximum
758 553 893 587 quoque
916 553 1056 582 annum,
1083 538 1196 574 multis
1216 539 1310 576 iuum
1338 539 1474 587 quidem
1497 547 1689 574 exterarum
1710 553 1772 574 na·-

246 590 374 624 tiouum
397 599 495 636 atque
519 592 666 637 gentium
687 591 836 625 cladibus
857 591 1040 637 insignem,
1066 592 1126 624 sed
1148 591 1275 636 patriae
1296 601 1429 625 nostrae
1451 591 1548 625 novis
1570 590 1678 635 iisque
1701 604 1772 624 ma-

246 640 337 676 xime
360 641 557 677 salutaribus
579 641 734 678 institutis
757 656 796 678 ac
818 642 948 690 legibus
970 642 1133 678 stabilitae
1156 641 1468 689 auspicatissimum,
1497 640 1641 693 numinis
1665 641 1772 676 divini

244 693 332 727 inter
353 694 570 739 gravissimos
592 694 799 739 pestilentiae
820 694 968 741 undique
994 694 1195 728 imminentis
1217 703 1365 729 terrores
1389 707 1452 740 pro
1475 693 1610 739 publica
1632 693 1772 727 univer-

244 756 364 778 sorum
381 753 480 790 atque
501 744 638 791 privata
651 746 857 791 singulorum
876 747 980 780 salute
1000 745 1196 780 excubantis
1217 745 1448 791 providentia,
1471 744 1605 791 Regis
1627 744 1772 791 Augu-

243 795 422 831 stissi'mi
452 796 827 833 etQPotentissimi
855 809 926 832 non
945 796 1088 838 minus„
1103 809 1203 843 quam
1230 797 1448 844 Principis
1480 796 1771 839 Sere-nissimi,

243 860 344 892 quem
366 847 423 880 ille
445 848 481 881 in
502 848 601 893 regni
622 848 814 882 societatem
837 849 996 888 adscivit,
1028 848 1202 881 clementia
1225 855 1257 880 et
1280 860 1359 880 cura
1380 862 1462 881 vere
1484 857 1641 893 paterna,
1671 857 1771 893 atque

243 897 504 934 Summarum
533 898 753 940 Virorum,
784 898 844 945 qui
869 912 925 934 res
953 911 1064 934 sacras
1087 907 1120 933 et
1141 898 1355 932 scholasticas
1386 899 1421 932 in
1451 898 1602 934 Saxonia
1630 899 1772 932 admini-

242 958 347 983 strant
360 976 368 990 ,
400 949 547 984 consiliis
578 950 826 994 sapientissimis
857 963 897 984 ac
926 949 1068 983 decretis
1090 949 1317 983 saluberrimis
1341 963 1443 993 quum
1465 950 1622 984 Afraneo
1645 959 1772 990 nostro,

242 1008 312 1036 tum
341 999 506 1035 nobismet
532 999 614 1047 ipsis
643 1000 853 1046 contigerunt
879 999 1044 1034 beneficia
1072 1012 1241 1046 nunquam
1269 998 1346 1033 satis
1378 999 1622 1046 praedicanda,
1651 1012 1771 1034 eorum

241 1053 404 1089 memoria
425 1053 542 1088 animis
563 1052 684 1088 nostris
706 1062 773 1087 tam
787 1055 858 1088 alte·
873 1053 979 1088 infixa
1001 1053 1132 1093 haeret,
1157 1061 1191 1086 ut
1212 1061 1306 1098 grata
1327 1052 1585 1098 praeteritorum
1605 1053 1768 1088 recorda—

242 1104 334 1138 tione
363 1112 396 1137 et
417 1106 503 1138 laeta
534 1104 725 1138 futurorum
748 1104 950 1149 cogitatione
976 1103 1076 1137 solito
1099 1103 1236 1148 gravius
1259 1103 1417 1136 commoti
1436 1115 1530 1137 more
1551 1103 1767 1149 institutoque

241 1155 406 1190 maiorum
427 1154 610 1190 indicamus
630 1154 858 1190 anniversaria
880 1155 1024 1190 Scholae
1038 1153 1165 1200 Regiae
1185 1152 1339 1187 Afranae
1362 1153 1543 1194 sollennia,
1566 1154 1612 1187 ita
1630 1153 1766 1199 quidem

241 1206 404 1253 perendie
427 1207 645 1247 celebranda,
667 1215 706 1241 ut
726 1207 843 1242 decem
866 1207 1113 1245 adolescentes,
1135 1204 1267 1239 virtutis
1289 1205 1416 1250 pariter
1436 1217 1475 1238 ac
1498 1205 1672 1238 doctrinae
1693 1207 1767 1238 lau-

242 1259 285 1292 de
309 1258 498 1305 conspicui,
522 1271 607 1305 quos
631 1257 815 1293 communis
831 1258 979 1293 omnium
997 1256 1129 1303 pietatis
1150 1264 1250 1289 testes
1263 1254 1367 1302 atque
1389 1255 1588 1301 interpretes
1611 1267 1684 1289 esse
1696 1255 1767 1289 ius-

242 1309 360 1352 simus,
384 1310 451 1345 hoc
473 1309 632 1358 deinceps
654 1310 774 1345 ordine
797 1310 840 1344 ad
865 1309 1051 1345 dicendum.
1065 1308 1130 1342 sint
1150 1307 1335 1355 prodituri:

240 1387 308 1420 Ad
317 1387 447 1431 olphu
456 1400 471 1420 s
504 1384 595 1421 Rob
604 1395 718 1421 ertus
750 1388 834 1421 Alb
843 1387 909 1421 ani
921 1413 929 1427 ‚
962 1384 1275 1429 Koem'gsteniensis
1286 1410 1295 1424 ,
1333 1384 1376 1417 d'e
1410 1383 1545 1418 Graeco
1579 1384 1765 1419 versiculo:

331 1430 459 1470 Πνλλοὶ
481 1431 540 1481 μέν
565 1431 812 1485 ναιςθηκοφόςοι
818 1464 830 1480 ,
855 1438 980 1483 παῦςοι
1003 1426 1038 1469 δέ
1060 1446 1099 1468 τε
1119 1429 1253 1477 βάκχοι
1259 1458 1270 1476 ‚
1293 1435 1446 1469 oratione
1468 1434 1586 1469 Latina
1608 1444 1768 1481 exponet,

327 1488 493 1534 sinuJIque
513 1489 662 1523 fautor
672 1502 735 1523 um
757 1491 779 1523 d
789 1503 808 1524 e
827 1490 1023 1524 Afraneo
1053 1495 1203 1521 nost-ro
1230 1487 1339 1520 bene
1365 1486 1617 1520 meritorum
1637 1498 1768 1521 memo-

327 1539 412 1573 riam
433 1540 570 1573 recolet.

243 1615 368 1650 carol
377 1627 398 1648 u
407 1627 423 1648 s
451 1613 512 1647 He
521 1613 587 1647 nri
596 1626 666 1647 cus
698 1613 721 1648 S
730 1614 778 1647 ch
787 1626 889 1648 anze
902 1640 910 1655 ,
934 1610 1148 1649 Siauchensis
1158 1640 1166 1654 ,
1189 1614 1311 1660 gaudia
1334 1612 1406 1647 aliis
1429 1610 1627 1660 comparare
1636 1641 1645 1656 ,
1668 1626 1766 1660 quam

328 1664 458 1713 gaudiis
479 1664 612 1711 perfrui
620 1691 628 1706 ‚
652 1664 781 1699 dulcius
805 1677 893 1706 esse,
917 1666 1064 1699 carmine
1084 1666 1269 1698 vernaculo
1293 1664 1483 1698 declarabit.

242 1742 499 1778 Franciscus
527 1741 680 1776 Petrus
708 1741 762 1775 Al
772 1753 849 1775 exa
859 1741 909 1774 nd
918 1753 962 1774 er
991 1752 1015 1773 a
1038 1738 1285 1773 Freieslebe
1295 1752 1338 1780 n,
1362 1740 1627 1781 Neostadiensis‚
1651 1741 1767 1775 Hora—

327 1794 468 1830 tianum:
485 1796 521 1826 N
519 1794 548 1827 il
562 1793 765 1827 mentalibus
782 1793 932 1827 arduum
947 1799 1008 1835 est,
1027 1790 1173 1827 carmine
1186 1790 1305 1826 Latino
1321 1805 1430 1838 eoque
1445 1792 1555 1838 lyrico
1571 1792 1768 1840 explicabit.

241 1874 425 1909 Ioannes
448 1869 649 1906 G‘otthelf
664 1870 869 1908 Kue-line,
899 1866 1196 1907 Bischhemiensis,
1227 1866 1458 1900 Pindaricum:
1489 1861 1539 1899 Ἓν
1561 1872 1646 1915 παρ’
1666 1864 1769 1901 ὲσλὲν

326 1920 480 1967 πήματα
512 1911 639 1962 σύνδυο,
668 1911 816 1953 δαίονται
845 1914 972 1967 figor&
1006 1912 1201 1960 ὠθοίνσιτοι,
1231 1919 1377 1952 carmine
1413 1918 1548 1953 Graeco
1571 1932 1681 1966 eoque
1702 1933 1766 1953 nu-

329 1974 430 2009 meris
452 1973 638 2008 Pindaricis
664 1966 823 2025 adstricto
845 1978 1074 2018 persequetur.

243 2050 443 2087 Oswabdti
453 2062 469 2083 s
503 2047 702 2084 Frideric
710 2060 754 2081 us
792 2047 874 2082 Sch
883 2047 1019 2086 malz,
1047 2044 1232 2090 Stolpensis
1241 2071 1249 2086 ,
1287 2045 1336 2080 Io.
1367 2042 1534 2081 Muelleri'
1553 2048 1765 2082 sententiam:

332 2104 392 2136 lVo
414 2101 517 2134 Licln
541 2101 615 2134 und
636 2101 764 2140 Feuer,
790 2098 839 2131 da
862 2099 906 2131 ist
927 2097 1062 2138 Leben,
1088 2095 1236 2130 oratione
1254 2100 1437 2132 vernacula
1458 2098 1738 2175 infrpretabitur.

1539 2147 1553 2161 Ὀ
