2075 2504
292 192 336 226 18

295 281 378 323 quod
398 278 559 311 Bekkerus
582 290 705 321 quoque
726 280 816 311 tacite
838 280 991 322 probavit.
1036 279 1088 311 Sic
1115 279 1192 311 infra
1214 291 1281 323 cap.
1311 282 1366 311 28.
1389 279 1459 311 inde
1477 279 1561 312 haud
1587 292 1694 323 parem
1721 281 1824 324 opibus

293 332 492 375 Epidaurum,
515 331 566 361 secl
587 331 732 362 inclutum
752 332 931 374 Aesculapii
953 330 1048 361 nobili
1077 330 1197 373 templo.

370 383 451 426 filia
467 385 591 414 victima
607 385 670 413 aris
689 383 830 424 admoia]
884 385 954 415 Non
977 395 1106 424 semper,
1128 390 1162 413 ut
1184 383 1243 413 hoc
1264 382 1335 421 loco
1358 389 1389 413 et
1411 381 1494 421 alibi,
1516 384 1646 414 verbum
1669 383 1826 414 admovere

294 434 332 466 de
354 435 480 466 victima
501 435 585 476 poni,
609 434 697 465 docet
717 435 788 465 Liv.
813 436 904 473 XXI,
930 438 958 465 1.
980 435 1032 464 ubi
1054 434 1208 464 Hannibal
1231 435 1267 464 ab
1290 433 1462 466 Hamilcare
1485 440 1570 475 patre
1594 433 1743 464 altaribus
1763 434 1824 464 ad»-

293 495 393 518 moius
423 494 454 517 et
481 487 567 517 tactis
590 487 681 517 sacris
704 486 900 516 iureiurando
923 487 1045 516 adactus
1069 497 1135 516 esse
1159 486 1278 516 (licitur.
1332 485 1491 515 Praeterea
1511 485 1543 514 in
1565 492 1740 515 transcursu
1769 486 1825 515 ad-

295 538 368 569 dere
390 537 489 575 liceat,
511 537 583 567 Liv.
608 537 762 575 XXXIII,
787 539 839 567 18.
863 548 919 578 pro
942 545 1044 567 casira
1061 536 1105 566 acl
1118 538 1185 578 ipsa
1203 536 1345 567 Tendeba
1361 537 1462 573 movit,
1486 536 1517 566 in
1541 536 1609 566 cod.
1633 537 1739 566 Bamb.
1763 547 1826 566 non

296 597 399 621 casira
421 588 465 618 acl
479 590 546 630 ipsa
562 589 664 630 Tempe
677 589 778 626 movit,
801 595 836 618 ut
858 588 1019 618 Goellerus
1041 587 1191 628 perhibet,
1215 588 1268 619 sed
1293 595 1396 618 casira
1418 586 1461 617 acl
1475 588 1543 628 ipsa
1568 587 1668 628 Tcnpe
1690 586 1829 617 admovet

296 634 442 681 scriptiiin
465 640 603 680 reperiri.
649 641 735 670 Haec
753 646 850 669 autem
869 639 971 676 lectio,
994 637 1067 668 licet
1089 638 1160 669 Liv.
1183 639 1240 676 IX,
1264 638 1317 669 24.
1342 639 1525 669 contrarium
1548 646 1651 668 castra
1670 649 1825 674 removere,

296 699 386 731 atque
409 691 564 727 XXXIV,
589 692 619 719 6.
644 697 675 720 et
696 690 767 719 alibi
789 691 953 719 exercitum
976 689 1133 718 admovere
1151 689 1278 730 legatur,
1302 700 1342 718 ex
1365 690 1528 730 depravata
1551 690 1618 719 cod.
1647 689 1734 730 Mog.
1759 687 1824 718 lec-

296 743 397 773 tione:
421 749 523 771 castra
546 739 590 769 ad
610 740 677 781 ipsa
700 740 837 770 tendehat
858 742 959 777 movit,
973 752 1063 780 quam
1077 740 1305 770 Freinshemius
1327 742 1470 778 correxit,
1492 742 1615 771 suborta
1635 740 1769 770 videtur.

382 793 475 834 petiit.
522 790 598 820 Iade
621 789 771 832 Oropum]
816 792 902 822 Haec
925 791 1093 830 Grynum,
1116 798 1150 821 ut
1172 791 1285 821 codicis
1307 790 1446 821 lacunam
1469 791 1616 832 expleret,
1629 790 1826 832 probabiliter

298 844 462 876 admodum
484 843 674 884 interposuit.
718 842 903 884 Doeringius
927 849 1027 872 autem
1049 842 1170 873 verbis:
1193 842 1244 872 uhi
1266 841 1388 873 navibus
1405 853 1533 873 cursum
1564 841 1608 873 ad
1634 843 1765 873 Troiam
1783 859 1827 866 —-

298 908 357 926 rex
377 895 431 925 ille
449 906 548 934 regum
566 895 661 934 petiit,
688 893 763 923 haec
777 895 931 923 'subiecitt
954 894 1198 932 „precationibus
1220 904 1238 922 a
1259 894 1358 922 Diana
1386 895 1490 934 petiit3
1519 894 1573 924 sed
1595 895 1716 930 rectius,
1738 899 1825 933 puto,

297 946 357 985 „ad
378 955 466 975 usum
489 943 636 984 loquendi
658 943 811 985 explices:
835 943 918 973 unde
942 941 1036 972 classe
1059 953 1113 972 sua
1135 953 1254 973 cursum
1278 943 1316 973 ad
1338 941 1463 974 Troiam
1485 945 1640 986 ingressus
1663 950 1727 982 est3
1754 953 1826 972 nam

296 1008 437 1036 „cursum
450 1002 547 1037 peiere
568 995 689 1033 dicitur,
710 1002 745 1025 ut
757 997 823 1032 iter,
841 995 922 1024 viam
932 1001 1048 1036 petere;
1071 994 1136 1024 vid.
1158 994 1389 1026 Drakenborch.
1414 1007 1505 1036 supra
1526 996 1565 1026 nd
1586 995 1702 1032 XLIV,
1718 997 1748 1032 2,
1772 995 1827 1024 5.“

296 1048 350 1077 ubi
371 1048 447 1076 haec
468 1046 631 1086 leguntur:
654 1045 734 1087 quod
753 1047 808 1075 iter
820 1046 963 1086 petiturus
975 1052 1056 1081 essee,
1072 1046 1206 1085 ignarus.
1250 1046 1345 1075 Recte
1372 1046 1512 1089 quidem..
1553 1046 1636 1076 Tum
1665 1055 1740 1075 vero
1762 1055 1826 1074 non

297 1099 358 1135 ubi,
382 1098 436 1128 sed
458 1096 535 1126 unde
556 1097 748 1125 scribendum
770 1096 873 1132 fuisse,
896 1096 928 1125 id
951 1096 1084 1135 quidem,
1105 1102 1140 1124 ut
1160 1096 1270 1126 Livius
1293 1097 1344 1134 ait,
1368 1103 1492 1137 apparet
1514 1097 1725 1138 etiam-caeco.
1758 1095 1825 1125 Ne-

298 1160 358 1190 que
382 1148 481 1177 minus
503 1153 635 1187 apparet,
656 1146 729 1177 Liv.
753 1146 907 1184 XXXIII,
930 1149 961 1176 8.
985 1145 1173 1184 Bartholino‚
1197 1159 1292 1187 quum
1313 1148 1346 1177 in
1369 1148 1436 1177 cod.
1465 1147 1570 1177 Bamb.
1590 1158 1716 1188 propere
1740 1157 1827 1176 cursu

296 1199 468 1240 reperisset,
496 1208 560 1227 non
581 1204 643 1227 tam
668 1209 800 1238 propero
825 1210 922 1234 cursu,
951 1208 1041 1237 quam
1061 1209 1155 1237 prope
1184 1210 1273 1230 cursu
1294 1199 1487 1229 scribendum
1515 1199 1617 1228 fuisse.
1672 1198 1722 1227 Sic
1753 1197 1824 1227 Liv.

296 1249 422 1286 XXXI,
445 1248 498 1278 24.
522 1260 607 1277 curs-u
620 1260 715 1289 prope
737 1240 913 1278 Ch'ae'zlcfflem
935 1247 1092 1285 contendit,
1115 1248 1153 1277 ad
1174 1259 1265 1288 quem
1298 1248 1400 1279 locum
1422 1248 1690 1279 Drakenborchius
1712 1248 1825 1286 docuit,

296 1301 423 1331 Livium
445 1299 599 1338 XXXIII,
630 1302 683 1330 18.
717 1306 748 1330 et
778 1301 831 1329 33.
861 1299 968 1329 eodem
997 1299 1089 1330 modo
1119 1298 1255 1330 locutum
1286 1312 1363 1339 esse,
1392 1307 1482 1341 atque
1510 1300 1647 1331 librarios
1675 1299 1825 1331 vocabula

295 1364 391 1394 prope
409 1359 436 1380 et
455 1362 591 1392 propere,
613 1361 741 1391 quorum
764 1350 842 1379 illud
866 1350 1037 1381 Crevierius
1058 1351 1130 1381 Liv.
1154 1352 1261 1389 XXV,
1286 1353 1337 1381 15.
1359 1352 1430 1381 huic
1452 1358 1535 1381 recte
1563 1351 1727 1388 substituit,
1755 1361 1824 1380 sae-

296 1403 420 1445 pissime
442 1409 641 1444 permutasse,
665 1401 703 1431 ad
723 1401 796 1431 Liv.
818 1401 977 1438 XXXIX,
1001 1404 1053 1440 31,
1076 1402 1107 1433 4.
1132 1402 1234 1433 multis
1257 1402 1407 1444 exemplis
1425 1402 1577 1444 probavit.

306 1484 308 1486 ,
383 1453 434 1484 ubi
450 1465 508 1495 pro
532 1452 585 1483 deo
604 1454 839 1494 vate-stantiquus
862 1451 984 1493 colitur]
1037 1454 1167 1484 Deshoc
1186 1453 1265 1492 loco,
1287 1455 1319 1484 in
1342 1465 1404 1495 quo
1425 1455 1486 1485 viri
1507 1454 1589 1484 docti
1618 1460 1700 1484 recte
1722 1453 1824 1483 offen-

297 1506 418 1542 derunt,
444 1505 504 1534 iam
531 1505 563 1533 in
592 1504 716 1548 Comm.
741 1504 779 1533 de
816 1503 893 1533 locis
921 1504 1013 1533 Gellii
1040 1505 1143 1535 Noctt.
1174 1505 1239 1535 Λα.
1269 1505 1340 1534 Lib.
1370 1505 1427 1535 VI.
1457 1516 1525 1546 cap.
1557 1507 1586 1534 1.
1617 1511 1648 1534 et
1675 1504 1824 1534 Lactantii

296 1556 382 1596 Epit.
404 1555 565 1585 Inst.Div.
589 1565 654 1595 cap.
670 1557 723 1584 29.
746 1555 897 1592 Misenu,
922 1557 1016 1585 1827.
1038 1567 1070 1596 p.
1095 1554 1145 1586 19.
1168 1556 1243 1586 haec
1266 1556 1391 1597 scripsi:
1413 1556 1540 1594 „Quum
1554 1556 1587 1586 in
1602 1555 1670 1586 cod.
1688 1554 1823 1585 vindob.

296 1617 376 1648 „pro
399 1606 522 1636 nomine
544 1604 777 1646 Amphilochus,
811 1605 895 1646 quod
925 1606 1082 1646 Grynaeus
1103 1607 1195 1637 Livio
1226 1607 1365 1645 obtrusit,
1397 1608 1528 1637 antimm
1556 1605 1684 1650 legatur,
1712 1606 1823 1641 rectius

297 1659 423 1697 „edidiz
446 1657 497 1687 ubi
509 1669 564 1698 pro
578 1657 632 1687 deo
646 1665 727 1687 vates
749 1659 888 1699 antiquus
903 1657 1026 1695 colitur3
1050 1659 1132 1699 quod
1154 1659 1501 1701 Baumgarten-Crusius
1528 1670 1592 1689 non
1621 1660 1663 1689 ita
1685 1670 1822 1689 corrum-

298 1720 391 1748 „pere
420 1709 559 1744 debebat,
593 1715 627 1736 ut
654 1715 782 1746 utraque
810 1708 943 1737 lectione
978 1710 1137 1738 coniuncta
1174 1711 1334 1739 scriberet:
1372 1709 1423 1738 ubi
1451 1722 1508 1749 pro
1538 1709 1593 1739 deo
1628 1717 1709 1738 vates
1738 1711 1822 1738 anti-

297 1769 372 1801 quus
405 1756 626 1799 Amphilochus
663 1755 815 1787 colitur.“
868 1757 938 1788 Hoc
975 1769 1047 1789 sane
1083 1760 1183 1805 mirari
1218 1760 1308 1791 subit.
1370 1759 1471 1791 Multo
1505 1760 1600 1803 magis
1631 1767 1733 1792 autem
1761 1757 1822 1791 mi·-v

297 1822 366 1847 ror,
411 1809 600 1839 Bekkerum*
620 1821 670 1839 me
700 1819 764 1838 non
799 1821 864 1840 esse
884 1818 1046 1847 secutum,
1093 1819 1123 1841 et
1151 1813 1250 1841 inv-ito
1280 1813 1384 1842 codice
1413 1813 1559 1842 edidisse:
1603 1813 1654 1842 ubi
1678 1825 1736 1853 pro
1768 1812 1822 1841 cleo

297 1868 378 1889 vates
414 1859 626 1898 ,Amphiaraus
667 1858 809 1895 colitur„
839 1860 921 1898 quod
957 1871 1051 1900 aeque
1087 1871 1120 1889 ac
1160 1861 1318 1903 vulgatum
1357 1861 1443 1891 nullo
1478 1869 1568 1904 pacto
1603 1862 1822 1892 admittendum

299 1919 354 1943 est.
388 1910 498 1952 Neque
522 1911 602 1942 enim
625 1922 701 1952 opus
725 1916 789 1941 erat
810 1909 921 1942 addere
939 1923 1049 1942 nomen
1067 1913 1146 1944 vatis
1170 1925 1208 1944 ex
1230 1913 1339 1947 fabulis
1361 1922 1479 1954 notum,
1500 1922 1530 1946 et
1552 1917 1588 1945 ab
1603 1915 1717 1949 Ovidio
1741 1924 1821 1955 quo·

298 1975 357 2004 que
386 1962 592 2002 Metamorph.
622 1963 678 2000 lx,
708 1963 783 1991 406.
813 1973 866 2002 sq..
890 1963 922 1991 in
958 1964 1077 2001 oraculo
1107 1965 1266 1995 Themidis
1297 1967 1450 1996 omissum.
1512 1967 1642 1997 Diversa
1672 1972 1718 1996 est
1744 1965 1819 1994 ratio

297 2014 358 2044 loci
380 2014 450 2044 Liv.
474 2013 564 2050 XXI,
589 2015 641 2042 38.
665 2013 716 2042 secl
728 2012 766 2042 ab
781 2025 824 2049 eo,
840 2023 896 2053 pro
920 2024 980 2052 quo
1002 2014 1124 2044 forsitan
1148 2014 1218 2045 coll.
1241 2015 1313 2046 Liv.
1337 2017 1421 2054 Vlll,
1444 2019 1473 2046 6.
1493 2028 1531 2047 ex
1549 2017 1662 2058 Cuperi
1680 2023 1709 2045 et
1723 2015 1818 2045 Leib-

297 2065 365 2094 nitii
393 2065 565 2094 coniectura
594 2075 615 2093 a
645 2063 700 2094 cleo
727 2063 920 2094 scribendum
951 2071 1005 2102 est,
1035 2077 1119 2106 quem
1146 2068 1178 2096 in
1205 2078 1320 2097 summo
1351 2075 1506 2097 sacratum
1525 2069 1631 2099 vertice
1655 2066 1818 2096 Penninum

0 2339 303 2504 k.
