<?xml version="1.0" encoding="UTF-8"?>
<!DOCTYPE html PUBLIC "-//W3C//DTD XHTML 1.0 Transitional//EN"
    "http://www.w3.org/TR/xhtml1/DTD/xhtml1-transitional.dtd">
<html xmlns="http://www.w3.org/1999/xhtml" xml:lang="en" lang="en">
 <head>
  <title>
</title>
<meta http-equiv="Content-Type" content="text/html;charset=utf-8" />
  <meta name='ocr-system' content='tesseract 3.04.00' />
  <meta name='ocr-capabilities' content='ocr_page ocr_carea ocr_par ocr_line ocrx_word'/>
</head>
<body>
  <div class='ocr_page' id='page_1' title='image "./4626144_0012.png"; bbox 0 0 2075 2504; ppageno 0'>
   <div class='ocr_carea' id='block_1_1' title="bbox 649 466 1551 628">
    <p class='ocr_par' dir='ltr' id='par_1_1' title="bbox 649 466 1551 628">
     <span class='ocr_line' id='line_1_1' title="bbox 909 466 1293 511; baseline -0.005 0"><span class='ocrx_word' id='word_1_1' title='bbox 909 468 966 511; x_wconf 64' lang='lat' dir='ltr'><strong>r</strong></span> <span class='ocrx_word' id='word_1_2' title='bbox 1040 466 1293 509; x_wconf 84' lang='lat' dir='ltr'><strong>LIVII</strong></span> 
     </span>
     <span class='ocr_line' id='line_1_2' title="bbox 649 552 1551 628; baseline -0.003 -2"><span class='ocrx_word' id='word_1_3' title='bbox 649 584 758 628; x_wconf 87' lang='lat' dir='ltr'><strong>AB</strong></span> <span class='ocrx_word' id='word_1_4' title='bbox 824 552 1551 627; x_wconf 84' lang='lat' dir='ltr'><strong>URBEGONDITA</strong></span> 
     </span>
    </p>
   </div>
   <div class='ocr_carea' id='block_1_2' title="bbox 798 697 1396 733">
    <p class='ocr_par' dir='ltr' id='par_1_2' title="bbox 798 697 1396 733">
     <span class='ocr_line' id='line_1_3' title="bbox 798 697 1396 733; baseline -0.003 -1"><span class='ocrx_word' id='word_1_5' title='bbox 798 698 883 732; x_wconf 91' lang='lat' dir='ltr'><strong>LIB.</strong></span> <span class='ocrx_word' id='word_1_6' title='bbox 907 697 1017 733; x_wconf 85' lang='lat' dir='ltr'><strong>XLV.</strong></span> <span class='ocrx_word' id='word_1_7' title='bbox 1050 698 1152 733; x_wconf 89' lang='lat' dir='ltr'><strong>CAP.</strong></span> <span class='ocrx_word' id='word_1_8' title='bbox 1181 699 1235 731; x_wconf 85' lang='lat'><strong>27.</strong></span> <span class='ocrx_word' id='word_1_9' title='bbox 1257 697 1321 732; x_wconf 88' lang='grc' dir='ltr'><strong>ΕΤ</strong></span> <span class='ocrx_word' id='word_1_10' title='bbox 1343 697 1396 730; x_wconf 83' lang='grc'><strong>28.</strong></span> 
     </span>
    </p>
   </div>
   <div class='ocr_carea' id='block_1_3' title="bbox 330 864 1862 1154">
    <p class='ocr_par' dir='ltr' id='par_1_3' title="bbox 330 864 1862 1154">
     <span class='ocr_line' id='line_1_4' title="bbox 441 864 1861 918; baseline -0.003 -13"><span class='ocrx_word' id='word_1_11' title='bbox 441 867 526 918; x_wconf 90' lang='lat' dir='ltr'><strong>Cap.</strong></span> <span class='ocrx_word' id='word_1_12' title='bbox 553 865 710 903; x_wconf 86' lang='lat' dir='ltr'><strong>XXVH.</strong></span> <span class='ocrx_word' id='word_1_13' title='bbox 763 865 861 902; x_wconf 90' lang='lat' dir='ltr'><strong>Dum</strong></span> <span class='ocrx_word' id='word_1_14' title='bbox 886 864 977 903; x_wconf 90' lang='lat' dir='ltr'><strong>haec</strong></span> <span class='ocrx_word' id='word_1_15' title='bbox 1001 866 1040 902; x_wconf 89' lang='lat' dir='ltr'><strong>in</strong></span> <span class='ocrx_word' id='word_1_16' title='bbox 1054 865 1199 912; x_wconf 80' lang='lat' dir='ltr'><strong>Illyrico</strong></span> <span class='ocrx_word' id='word_1_17' title='bbox 1224 872 1418 915; x_wconf 84' lang='lat' dir='ltr'><strong>geruntur,</strong></span> <span class='ocrx_word' id='word_1_18' title='bbox 1447 864 1591 901; x_wconf 85' lang='lat' dir='ltr'><strong>Paullus</strong></span> <span class='ocrx_word' id='word_1_19' title='bbox 1617 873 1699 902; x_wconf 91' lang='lat' dir='ltr'><strong>ante</strong></span> <span class='ocrx_word' id='word_1_20' title='bbox 1724 864 1861 902; x_wconf 85' lang='lat' dir='ltr'><strong>adven—</strong></span> 
     </span>
     <span class='ocr_line' id='line_1_5' title="bbox 332 922 1862 976; baseline -0.002 -12"><span class='ocrx_word' id='word_1_21' title='bbox 332 935 410 964; x_wconf 85' lang='lat' dir='ltr'><strong>tum</strong></span> <span class='ocrx_word' id='word_1_22' title='bbox 436 927 561 962; x_wconf 87' lang='lat' dir='ltr'><strong>decem</strong></span> <span class='ocrx_word' id='word_1_23' title='bbox 585 924 788 973; x_wconf 84' lang='lat' dir='ltr'><strong>legatorum</strong></span> <span class='ocrx_word' id='word_1_24' title='bbox 810 923 855 971; x_wconf 89' lang='lat' dir='ltr'><strong>Q.</strong></span> <span class='ocrx_word' id='word_1_25' title='bbox 877 924 1083 960; x_wconf 83' lang='lat' dir='ltr'><strong>Maximum</strong></span> <span class='ocrx_word' id='word_1_26' title='bbox 1106 923 1241 970; x_wconf 89' lang='lat' dir='ltr'><strong>filium,</strong></span> <span class='ocrx_word' id='word_1_27' title='bbox 1267 923 1340 960; x_wconf 89' lang='lat' dir='ltr'><strong>iam</strong></span> <span class='ocrx_word' id='word_1_28' title='bbox 1365 922 1412 960; x_wconf 82' lang='lat' dir='ltr'><strong>ab</strong></span> <span class='ocrx_word' id='word_1_29' title='bbox 1426 924 1542 960; x_wconf 78' lang='lat' dir='ltr'><strong>Roma</strong></span> <span class='ocrx_word' id='word_1_30' title='bbox 1567 937 1787 976; x_wconf 87' lang='lat' dir='ltr'><strong>regressum,</strong></span> <span class='ocrx_word' id='word_1_31' title='bbox 1815 923 1862 961; x_wconf 83' lang='lat' dir='ltr'><strong>ad</strong></span> 
     </span>
     <span class='ocr_line' id='line_1_6' title="bbox 330 983 1861 1037; baseline -0.001 -14"><span class='ocrx_word' id='word_1_32' title='bbox 330 985 526 1037; x_wconf 82' lang='lat' dir='ltr'>Aeginium</span> <span class='ocrx_word' id='word_1_33' title='bbox 541 991 577 1021; x_wconf 94' lang='lat' dir='ltr'><strong>et</strong></span> <span class='ocrx_word' id='word_1_34' title='bbox 590 983 747 1035; x_wconf 82' lang='lat' dir='ltr'>Agassas</span> <span class='ocrx_word' id='word_1_35' title='bbox 774 984 997 1036; x_wconf 82' lang='lat' dir='ltr'><strong>diripiendas</strong></span> <span class='ocrx_word' id='word_1_36' title='bbox 1022 983 1148 1020; x_wconf 82' lang='lat' dir='ltr'><strong>mittit:</strong></span> <span class='ocrx_word' id='word_1_37' title='bbox 1189 983 1362 1034; x_wconf 78' lang='lat' dir='ltr'><strong>AgassaS,</strong></span> <span class='ocrx_word' id='word_1_38' title='bbox 1389 983 1488 1033; x_wconf 86' lang='lat' dir='ltr'><strong>quod</strong></span> <span class='ocrx_word' id='word_1_39' title='bbox 1509 997 1593 1021; x_wconf 91' lang='lat' dir='ltr'><strong>cum</strong></span> <span class='ocrx_word' id='word_1_40' title='bbox 1606 984 1746 1023; x_wconf 79' lang='lat' dir='ltr'><strong>Marcio</strong></span> <span class='ocrx_word' id='word_1_41' title='bbox 1772 998 1861 1022; x_wconf 90' lang='lat' dir='ltr'><strong>con-</strong></span> 
     </span>
     <span class='ocr_line' id='line_1_7' title="bbox 331 1043 1860 1094; baseline -0.001 -12"><span class='ocrx_word' id='word_1_42' title='bbox 331 1045 401 1082; x_wconf 86' lang='lat' dir='ltr'><strong>suli</strong></span> <span class='ocrx_word' id='word_1_43' title='bbox 425 1043 658 1081; x_wconf 83' lang='lat' dir='ltr'>tradidissent</span> <span class='ocrx_word' id='word_1_44' title='bbox 682 1044 830 1090; x_wconf 77' lang='lat' dir='ltr'><strong>urbem,</strong></span> <span class='ocrx_word' id='word_1_45' title='bbox 869 1045 982 1094; x_wconf 85' lang='lat' dir='ltr'><strong>petita</strong></span> <span class='ocrx_word' id='word_1_46' title='bbox 1015 1043 1111 1079; x_wconf 86' lang='lat' dir='ltr'><strong>ultro</strong></span> <span class='ocrx_word' id='word_1_47' title='bbox 1138 1043 1306 1079; x_wconf 87' lang='lat' dir='ltr'><strong>societate</strong></span> <span class='ocrx_word' id='word_1_48' title='bbox 1331 1043 1511 1090; x_wconf 86' lang='lat' dir='ltr'><strong>Romana,</strong></span> <span class='ocrx_word' id='word_1_49' title='bbox 1547 1043 1751 1080; x_wconf 81' lang='lat' dir='ltr'><strong>defecerant</strong></span> <span class='ocrx_word' id='word_1_50' title='bbox 1775 1057 1860 1080; x_wconf 84' lang='lat' dir='ltr'><strong>rur-</strong></span> 
     </span>
     <span class='ocr_line' id='line_1_8' title="bbox 331 1101 1861 1154; baseline -0.001 -13"><span class='ocrx_word' id='word_1_51' title='bbox 331 1118 391 1142; x_wconf 88' lang='lat' dir='ltr'><strong>sus</strong></span> <span class='ocrx_word' id='word_1_52' title='bbox 423 1103 469 1140; x_wconf 80' lang='lat' dir='ltr'><strong>ad</strong></span> <span class='ocrx_word' id='word_1_53' title='bbox 503 1103 589 1139; x_wconf 87' lang='lat' dir='ltr'><strong>Pers</strong></span> <span class='ocrx_word' id='word_1_54' title='bbox 703 1102 976 1154; x_wconf 85' lang='lat' dir='ltr'><strong>Aeginiensium</strong></span> <span class='ocrx_word' id='word_1_55' title='bbox 1009 1116 1144 1139; x_wconf 88' lang='lat' dir='ltr'><strong>novum</strong></span> <span class='ocrx_word' id='word_1_56' title='bbox 1178 1103 1315 1140; x_wconf 88' lang='lat' dir='ltr'><strong>crimen</strong></span> <span class='ocrx_word' id='word_1_57' title='bbox 1348 1109 1440 1139; x_wconf 87' lang='lat' dir='ltr'><strong>erat:</strong></span> <span class='ocrx_word' id='word_1_58' title='bbox 1495 1101 1612 1139; x_wconf 89' lang='lat' dir='ltr'><strong>famae</strong></span> <span class='ocrx_word' id='word_1_59' title='bbox 1638 1103 1684 1140; x_wconf 85' lang='lat' dir='ltr'><strong>de</strong></span> <span class='ocrx_word' id='word_1_60' title='bbox 1709 1103 1861 1140; x_wconf 82' lang='lat' dir='ltr'><strong>victoria</strong></span> 
     </span>
    </p>
   </div>
   <div class='ocr_carea' id='block_1_4' title="bbox 330 1147 1861 1214">
    <p class='ocr_par' dir='ltr' id='par_1_4' title="bbox 330 1147 1861 1214">
     <span class='ocr_line' id='line_1_9' title="bbox 330 1147 1861 1214; baseline -0.001 -14"><span class='ocrx_word' id='word_1_61' title='bbox 330 1164 577 1200; x_wconf 83' lang='lat' dir='ltr'><strong>Romanorum</strong></span> <span class='ocrx_word' id='word_1_62' title='bbox 597 1147 609 1164; x_wconf 37' lang='grc' dir='ltr'><strong>’ἲ</strong></span> <span class='ocrx_word' id='word_1_63' title='bbox 751 1175 825 1198; x_wconf 90' lang='lat' dir='ltr'><strong>non</strong></span> <span class='ocrx_word' id='word_1_64' title='bbox 849 1161 1041 1208; x_wconf 70' lang='lat' dir='ltr'><strong>habentes,</strong></span> <span class='ocrx_word' id='word_1_65' title='bbox 1082 1163 1120 1198; x_wconf 86' lang='lat' dir='ltr'><strong>in</strong></span> <span class='ocrx_word' id='word_1_66' title='bbox 1147 1162 1323 1213; x_wconf 87' lang='lat' dir='ltr'><strong>quosdam</strong></span> <span class='ocrx_word' id='word_1_67' title='bbox 1348 1161 1503 1197; x_wconf 87' lang='lat' dir='ltr'><strong>militum</strong></span> <span class='ocrx_word' id='word_1_68' title='bbox 1528 1161 1658 1198; x_wconf 89' lang='lat' dir='ltr'><strong>urbem</strong></span> <span class='ocrx_word' id='word_1_69' title='bbox 1682 1162 1861 1214; x_wconf 85' lang='lat' dir='ltr'><strong>ingressos</strong></span> 
     </span>
    </p>
   </div>
   <div class='ocr_carea' id='block_1_5' title="bbox 328 1220 1860 1631">
    <p class='ocr_par' dir='ltr' id='par_1_5' title="bbox 328 1220 1860 1631">
     <span class='ocr_line' id='line_1_10' title="bbox 330 1220 1860 1273; baseline -0.001 -13"><span class='ocrx_word' id='word_1_70' title='bbox 330 1222 506 1260; x_wconf 84' lang='lat' dir='ltr'><strong>hostiliter</strong></span> <span class='ocrx_word' id='word_1_71' title='bbox 526 1221 735 1258; x_wconf 81' lang='lat' dir='ltr'><strong>saevierant.</strong></span> <span class='ocrx_word' id='word_1_72' title='bbox 788 1222 849 1259; x_wconf 84' lang='lat' dir='ltr'><strong>Ad</strong></span> <span class='ocrx_word' id='word_1_73' title='bbox 868 1223 1068 1259; x_wconf 90' lang='lat' dir='ltr'><strong>Aeniorum</strong></span> <span class='ocrx_word' id='word_1_74' title='bbox 1089 1236 1235 1273; x_wconf 87' lang='lat' dir='ltr'><strong>quoque</strong></span> <span class='ocrx_word' id='word_1_75' title='bbox 1256 1222 1386 1258; x_wconf 84' lang='lat' dir='ltr'><strong>urbem</strong></span> <span class='ocrx_word' id='word_1_76' title='bbox 1405 1220 1646 1273; x_wconf 82' lang='lat' dir='ltr'><strong>diripiendam</strong></span> <span class='ocrx_word' id='word_1_77' title='bbox 1670 1221 1714 1259; x_wconf 86' lang='lat' dir='ltr'><strong>L.</strong></span> <span class='ocrx_word' id='word_1_78' title='bbox 1729 1222 1860 1259; x_wconf 87' lang='lat' dir='ltr'><strong>Postu-</strong></span> 
     </span>
     <span class='ocr_line' id='line_1_11' title="bbox 331 1281 1858 1332; baseline 0 -13"><span class='ocrx_word' id='word_1_79' title='bbox 331 1284 445 1319; x_wconf 88' lang='lat' dir='ltr'><strong>mium</strong></span> <span class='ocrx_word' id='word_1_80' title='bbox 465 1282 576 1328; x_wconf 87' lang='lat' dir='ltr'><strong>misit,</strong></span> <span class='ocrx_word' id='word_1_81' title='bbox 599 1282 699 1331; x_wconf 88' lang='lat' dir='ltr'><strong>quod</strong></span> <span class='ocrx_word' id='word_1_82' title='bbox 718 1282 947 1332; x_wconf 82' lang='lat' dir='ltr'><strong>pertinacius,</strong></span> <span class='ocrx_word' id='word_1_83' title='bbox 971 1296 1080 1332; x_wconf 87' lang='lat' dir='ltr'><strong>quam</strong></span> <span class='ocrx_word' id='word_1_84' title='bbox 1106 1283 1278 1319; x_wconf 87' lang='lat' dir='ltr'><strong>finitimae</strong></span> <span class='ocrx_word' id='word_1_85' title='bbox 1305 1283 1483 1327; x_wconf 78' lang='lat' dir='ltr'><strong>civitates,</strong></span> <span class='ocrx_word' id='word_1_86' title='bbox 1510 1281 1549 1317; x_wconf 88' lang='lat' dir='ltr'><strong>in</strong></span> <span class='ocrx_word' id='word_1_87' title='bbox 1573 1282 1680 1318; x_wconf 87' lang='lat' dir='ltr'><strong>armis</strong></span> <span class='ocrx_word' id='word_1_88' title='bbox 1705 1282 1858 1319; x_wconf 84' lang='lat' dir='ltr'><strong>fuerant.</strong></span> 
     </span>
     <span class='ocr_line' id='line_1_12' title="bbox 331 1340 1859 1393; baseline 0 -14"><span class='ocrx_word' id='word_1_89' title='bbox 331 1341 527 1379; x_wconf 84' lang='lat' dir='ltr'><strong>Auctumni</strong></span> <span class='ocrx_word' id='word_1_90' title='bbox 547 1340 623 1378; x_wconf 84' lang='lat' dir='ltr'><strong>fere</strong></span> <span class='ocrx_word' id='word_1_91' title='bbox 643 1348 783 1392; x_wconf 85' lang='lat' dir='ltr'><strong>tempus</strong></span> <span class='ocrx_word' id='word_1_92' title='bbox 805 1349 898 1385; x_wconf 85' lang='lat' dir='ltr'><strong>erat3</strong></span> <span class='ocrx_word' id='word_1_93' title='bbox 927 1342 1028 1378; x_wconf 91' lang='lat' dir='ltr'><strong>cuius</strong></span> <span class='ocrx_word' id='word_1_94' title='bbox 1048 1343 1221 1393; x_wconf 88' lang='lat' dir='ltr'><strong>temporis</strong></span> <span class='ocrx_word' id='word_1_95' title='bbox 1243 1343 1346 1378; x_wconf 84' lang='lat' dir='ltr'><strong>initio</strong></span> <span class='ocrx_word' id='word_1_96' title='bbox 1368 1341 1415 1377; x_wconf 87' lang='lat' dir='ltr'><strong>ad</strong></span> <span class='ocrx_word' id='word_1_97' title='bbox 1436 1341 1728 1378; x_wconf 88' lang='lat' dir='ltr'><strong>circumeundam</strong></span> <span class='ocrx_word' id='word_1_98' title='bbox 1742 1342 1859 1379; x_wconf 86' lang='lat' dir='ltr'><strong>Grae-</strong></span> 
     </span>
     <span class='ocr_line' id='line_1_13' title="bbox 331 1401 1858 1452; baseline 0 -13"><span class='ocrx_word' id='word_1_99' title='bbox 331 1403 424 1440; x_wconf 80' lang='lat' dir='ltr'><strong>ciam</strong></span> <span class='ocrx_word' id='word_1_100' title='bbox 438 1431 447 1448; x_wconf 92' lang='lat'><strong>,</strong></span> <span class='ocrx_word' id='word_1_101' title='bbox 487 1401 726 1450; x_wconf 83' lang='lat' dir='ltr'><strong>visendaque,</strong></span> <span class='ocrx_word' id='word_1_102' title='bbox 767 1415 860 1450; x_wconf 82' lang='lat' dir='ltr'><strong>quae</strong></span> <span class='ocrx_word' id='word_1_103' title='bbox 893 1402 1081 1438; x_wconf 86' lang='lat' dir='ltr'><strong>nobilitata</strong></span> <span class='ocrx_word' id='word_1_104' title='bbox 1113 1403 1210 1438; x_wconf 80' lang='lat' dir='ltr'><strong>fama</strong></span> <span class='ocrx_word' id='word_1_105' title='bbox 1242 1402 1380 1438; x_wconf 86' lang='lat' dir='ltr'><strong>maiora</strong></span> <span class='ocrx_word' id='word_1_106' title='bbox 1414 1401 1561 1436; x_wconf 75' lang='lat' dir='ltr'><strong>auribus</strong></span> <span class='ocrx_word' id='word_1_107' title='bbox 1594 1409 1739 1452; x_wconf 86' lang='lat' dir='ltr'><strong>accepta</strong></span> <span class='ocrx_word' id='word_1_108' title='bbox 1764 1410 1858 1449; x_wconf 91' lang='lat' dir='ltr'><strong>sunt,</strong></span> 
     </span>
     <span class='ocr_line' id='line_1_14' title="bbox 332 1460 1857 1512; baseline 0 -15"><span class='ocrx_word' id='word_1_109' title='bbox 332 1474 442 1511; x_wconf 91' lang='lat' dir='ltr'><strong>quam</strong></span> <span class='ocrx_word' id='word_1_110' title='bbox 469 1461 581 1496; x_wconf 90' lang='lat' dir='ltr'><strong>oculis</strong></span> <span class='ocrx_word' id='word_1_111' title='bbox 608 1467 822 1506; x_wconf 85' lang='lat' dir='ltr'><strong>noscuntur,</strong></span> <span class='ocrx_word' id='word_1_112' title='bbox 857 1467 898 1495; x_wconf 92' lang='lat' dir='ltr'><strong>ut</strong></span> <span class='ocrx_word' id='word_1_113' title='bbox 923 1461 1063 1507; x_wconf 83' lang='lat' dir='ltr'><strong>statuit,</strong></span> <span class='ocrx_word' id='word_1_114' title='bbox 1104 1460 1310 1512; x_wconf 85' lang='lat' dir='ltr'><strong>praeposito</strong></span> <span class='ocrx_word' id='word_1_115' title='bbox 1338 1460 1461 1496; x_wconf 89' lang='lat' dir='ltr'><strong>castris</strong></span> <span class='ocrx_word' id='word_1_116' title='bbox 1482 1460 1526 1496; x_wconf 85' lang='lat' dir='ltr'><strong>C.</strong></span> <span class='ocrx_word' id='word_1_117' title='bbox 1554 1460 1714 1511; x_wconf 87' lang='lat' dir='ltr'><strong>Sulpicio</strong></span> <span class='ocrx_word' id='word_1_118' title='bbox 1741 1460 1857 1508; x_wconf 82' lang='lat' dir='ltr'><strong>Gallo,</strong></span> 
     </span>
     <span class='ocr_line' id='line_1_15' title="bbox 328 1517 1857 1573; baseline -0.001 -14"><span class='ocrx_word' id='word_1_119' title='bbox 328 1520 515 1573; x_wconf 86' lang='lat' dir='ltr'><strong>profectus</strong></span> <span class='ocrx_word' id='word_1_120' title='bbox 549 1533 633 1557; x_wconf 91' lang='lat' dir='ltr'><strong>cum</strong></span> <span class='ocrx_word' id='word_1_121' title='bbox 665 1517 764 1556; x_wconf 84' lang='lat' dir='ltr'><strong>haud</strong></span> <span class='ocrx_word' id='word_1_122' title='bbox 797 1532 929 1570; x_wconf 83' lang='lat' dir='ltr'><strong>magno</strong></span> <span class='ocrx_word' id='word_1_123' title='bbox 965 1521 1154 1567; x_wconf 88' lang='lat' dir='ltr'><strong>comitatu,</strong></span> <span class='ocrx_word' id='word_1_124' title='bbox 1204 1520 1406 1571; x_wconf 85' lang='lat' dir='ltr'><strong>tegentibus</strong></span> <span class='ocrx_word' id='word_1_125' title='bbox 1438 1520 1549 1557; x_wconf 85' lang='lat' dir='ltr'><strong>latera</strong></span> <span class='ocrx_word' id='word_1_126' title='bbox 1581 1520 1750 1571; x_wconf 88' lang='lat' dir='ltr'><strong>Scipione</strong></span> <span class='ocrx_word' id='word_1_127' title='bbox 1782 1521 1857 1558; x_wconf 82' lang='lat' dir='ltr'><strong>filio</strong></span> 
     </span>
     <span class='ocr_line' id='line_1_16' title="bbox 330 1578 1857 1631; baseline -0.001 -13"><span class='ocrx_word' id='word_1_128' title='bbox 330 1589 365 1618; x_wconf 87' lang='lat' dir='ltr'><strong>et</strong></span> <span class='ocrx_word' id='word_1_129' title='bbox 390 1579 578 1618; x_wconf 85' lang='lat' dir='ltr'><strong>Athenaeo</strong></span> <span class='ocrx_word' id='word_1_130' title='bbox 612 1579 784 1618; x_wconf 84' lang='lat' dir='ltr'><strong>Eumenis</strong></span> <span class='ocrx_word' id='word_1_131' title='bbox 808 1580 905 1630; x_wconf 85' lang='lat' dir='ltr'><strong>regis</strong></span> <span class='ocrx_word' id='word_1_132' title='bbox 931 1579 1062 1627; x_wconf 83' lang='lat' dir='ltr'><strong>fratre,</strong></span> <span class='ocrx_word' id='word_1_133' title='bbox 1088 1594 1156 1631; x_wconf 88' lang='lat' dir='ltr'><strong>per</strong></span> <span class='ocrx_word' id='word_1_134' title='bbox 1182 1578 1407 1616; x_wconf 80' lang='lat' dir='ltr'><strong>Thessaliam</strong></span> <span class='ocrx_word' id='word_1_135' title='bbox 1420 1578 1581 1631; x_wconf 83' lang='lat' dir='ltr'><strong>Delphos</strong></span> <span class='ocrx_word' id='word_1_136' title='bbox 1605 1580 1857 1630; x_wconf 48' lang='lat' dir='ltr'><strong>petitrinclu-</strong></span> 
     </span>
    </p>
   </div>
   <div class='ocr_carea' id='block_1_6' title="bbox 390 1690 1857 2129">
    <p class='ocr_par' dir='ltr' id='par_1_6' title="bbox 390 1690 1857 2129">
     <span class='ocr_line' id='line_1_17' title="bbox 434 1690 1855 1735; baseline 0 -9"><span class='ocrx_word' id='word_1_137' title='bbox 434 1698 502 1735; x_wconf 76' lang='lat' dir='ltr'><strong>Cap.</strong></span> <span class='ocrx_word' id='word_1_138' title='bbox 523 1699 642 1725; x_wconf 84' lang='lat' dir='ltr'><strong>XXVII.</strong></span> <span class='ocrx_word' id='word_1_139' title='bbox 661 1697 782 1730; x_wconf 79' lang='lat' dir='ltr'><strong>Paullus]</strong></span> <span class='ocrx_word' id='word_1_140' title='bbox 802 1698 904 1724; x_wconf 72' lang='lat' dir='ltr'><strong>Paula,</strong></span> <span class='ocrx_word' id='word_1_141' title='bbox 924 1697 993 1725; x_wconf 83' lang='lat' dir='ltr'><strong>Cod.</strong></span> <span class='ocrx_word' id='word_1_142' title='bbox 1013 1698 1095 1725; x_wconf 73' lang='lat' dir='ltr'><strong>Frob.</strong></span> <span class='ocrx_word' id='word_1_143' title='bbox 1116 1700 1140 1725; x_wconf 88' lang='lat'><strong>1.</strong></span> <span class='ocrx_word' id='word_1_144' title='bbox 1159 1700 1186 1726; x_wconf 77' lang='lat'><strong>2.</strong></span> <span class='ocrx_word' id='word_1_145' title='bbox 1201 1714 1237 1719; x_wconf 97' lang='lat'><strong>—</strong></span> <span class='ocrx_word' id='word_1_146' title='bbox 1255 1690 1289 1724; x_wconf 76' lang='lat' dir='ltr'><strong>al&gt;</strong></span> <span class='ocrx_word' id='word_1_147' title='bbox 1302 1697 1400 1730; x_wconf 75' lang='lat' dir='ltr'><strong>Roma]</strong></span> <span class='ocrx_word' id='word_1_148' title='bbox 1420 1698 1453 1724; x_wconf 79' lang='lat' dir='ltr'><strong>ab</strong></span> <span class='ocrx_word' id='word_1_149' title='bbox 1465 1699 1576 1724; x_wconf 82' lang='lat' dir='ltr'><strong>Romam</strong></span> <span class='ocrx_word' id='word_1_150' title='bbox 1595 1697 1665 1725; x_wconf 84' lang='lat' dir='ltr'><strong>Cod.</strong></span> <span class='ocrx_word' id='word_1_151' title='bbox 1680 1712 1712 1717; x_wconf 88' lang='lat'>—</span> <span class='ocrx_word' id='word_1_152' title='bbox 1729 1705 1755 1725; x_wconf 80' lang='lat' dir='ltr'><strong>et</strong></span> <span class='ocrx_word' id='word_1_153' title='bbox 1766 1698 1855 1734; x_wconf 71' lang='lat' dir='ltr'><strong>Agat-</strong></span> 
     </span>
     <span class='ocr_line' id='line_1_18' title="bbox 399 1740 1854 1778; baseline 0.003 -11"><span class='ocrx_word' id='word_1_154' title='bbox 399 1742 452 1773; x_wconf 73' lang='lat' dir='ltr'><strong>sas]</strong></span> <span class='ocrx_word' id='word_1_155' title='bbox 478 1748 501 1767; x_wconf 78' lang='lat' dir='ltr'><strong>et</strong></span> <span class='ocrx_word' id='word_1_156' title='bbox 523 1752 624 1778; x_wconf 69' lang='lat' dir='ltr'><strong>gas-ms</strong></span> <span class='ocrx_word' id='word_1_157' title='bbox 650 1741 718 1772; x_wconf 70' lang='lat' dir='ltr'><strong>Cosl.</strong></span> <span class='ocrx_word' id='word_1_158' title='bbox 738 1755 769 1759; x_wconf 82' lang='lat'>-</span> <span class='ocrx_word' id='word_1_159' title='bbox 806 1751 869 1767; x_wconf 82' lang='lat' dir='ltr'><strong>cum</strong></span> <span class='ocrx_word' id='word_1_160' title='bbox 888 1742 991 1768; x_wconf 79' lang='lat' dir='ltr'><strong>Marcio</strong></span> <span class='ocrx_word' id='word_1_161' title='bbox 1017 1740 1134 1775; x_wconf 82' lang='lat' dir='ltr'><strong>consuli]</strong></span> <span class='ocrx_word' id='word_1_162' title='bbox 1162 1753 1220 1768; x_wconf 78' lang='lat' dir='ltr'><strong>cum</strong></span> <span class='ocrx_word' id='word_1_163' title='bbox 1237 1743 1346 1768; x_wconf 75' lang='grc' dir='ltr'><em>Μανσίο</em></span> <span class='ocrx_word' id='word_1_164' title='bbox 1365 1742 1472 1768; x_wconf 76' lang='lat' dir='ltr'><strong>consule</strong></span> <span class='ocrx_word' id='word_1_165' title='bbox 1491 1741 1560 1770; x_wconf 86' lang='lat' dir='ltr'><strong>Cod.</strong></span> <span class='ocrx_word' id='word_1_166' title='bbox 1584 1753 1643 1769; x_wconf 84' lang='lat' dir='ltr'><strong>cum</strong></span> <span class='ocrx_word' id='word_1_167' title='bbox 1659 1743 1765 1769; x_wconf 74' lang='lat' dir='ltr'><strong>Martio</strong></span> <span class='ocrx_word' id='word_1_168' title='bbox 1793 1744 1854 1771; x_wconf 74' lang='lat' dir='ltr'><strong>Coe.</strong></span> 
     </span>
     <span class='ocr_line' id='line_1_19' title="bbox 398 1785 1855 1824; baseline 0.003 -13"><span class='ocrx_word' id='word_1_169' title='bbox 398 1785 481 1812; x_wconf 75' lang='lat' dir='ltr'><strong>Frob.</strong></span> <span class='ocrx_word' id='word_1_170' title='bbox 501 1788 526 1812; x_wconf 89' lang='lat'><strong>1.</strong></span> <span class='ocrx_word' id='word_1_171' title='bbox 547 1797 604 1812; x_wconf 85' lang='lat' dir='ltr'><strong>cum</strong></span> <span class='ocrx_word' id='word_1_172' title='bbox 622 1788 731 1812; x_wconf 75' lang='lat' dir='ltr'><strong>Marcio</strong></span> <span class='ocrx_word' id='word_1_173' title='bbox 753 1787 814 1812; x_wconf 69' lang='lat' dir='ltr'><strong>Cos.</strong></span> <span class='ocrx_word' id='word_1_174' title='bbox 834 1785 916 1812; x_wconf 77' lang='lat' dir='ltr'><strong>Frob.</strong></span> <span class='ocrx_word' id='word_1_175' title='bbox 936 1787 962 1812; x_wconf 79' lang='lat'><strong>2.</strong></span> <span class='ocrx_word' id='word_1_176' title='bbox 985 1797 1064 1820; x_wconf 83' lang='lat' dir='ltr'><strong>quum</strong></span> <span class='ocrx_word' id='word_1_177' title='bbox 1082 1787 1191 1812; x_wconf 83' lang='lat' dir='ltr'><strong>Marcio</strong></span> <span class='ocrx_word' id='word_1_178' title='bbox 1209 1787 1314 1813; x_wconf 59' lang='lat' dir='ltr'><strong>consuli</strong></span> <span class='ocrx_word' id='word_1_179' title='bbox 1330 1786 1415 1813; x_wconf 69' lang='lat' dir='ltr'><strong>Drnk.</strong></span> <span class='ocrx_word' id='word_1_180' title='bbox 1434 1801 1465 1805; x_wconf 89' lang='lat'>—</span> <span class='ocrx_word' id='word_1_181' title='bbox 1500 1786 1595 1824; x_wconf 79' lang='lat' dir='ltr'><strong>petita]</strong></span> <span class='ocrx_word' id='word_1_182' title='bbox 1613 1789 1723 1823; x_wconf 76' lang='lat' dir='ltr'><strong>petitam</strong></span> <span class='ocrx_word' id='word_1_183' title='bbox 1742 1787 1811 1815; x_wconf 85' lang='lat' dir='ltr'><strong>cod.</strong></span> <span class='ocrx_word' id='word_1_184' title='bbox 1824 1802 1855 1808; x_wconf 87' lang='lat'><strong>--</strong></span> 
     </span>
     <span class='ocr_line' id='line_1_20' title="bbox 397 1828 1857 1868; baseline 0.003 -15"><span class='ocrx_word' id='word_1_185' title='bbox 397 1828 611 1862; x_wconf 71' lang='lat' dir='ltr'><strong>Aeginiensium]</strong></span> <span class='ocrx_word' id='word_1_186' title='bbox 631 1831 822 1865; x_wconf 73' lang='lat' dir='ltr'><strong>Ageniensium</strong></span> <span class='ocrx_word' id='word_1_187' title='bbox 848 1828 917 1855; x_wconf 85' lang='lat' dir='ltr'><strong>Cod.</strong></span> <span class='ocrx_word' id='word_1_188' title='bbox 944 1843 973 1847; x_wconf 90' lang='lat'><strong>-—</strong></span> <span class='ocrx_word' id='word_1_189' title='bbox 1010 1830 1109 1862; x_wconf 76' lang='lat' dir='ltr'><strong>famae]</strong></span> <span class='ocrx_word' id='word_1_190' title='bbox 1121 1830 1204 1866; x_wconf 75' lang='lat' dir='ltr'><strong>Jizme</strong></span> <span class='ocrx_word' id='word_1_191' title='bbox 1227 1830 1296 1858; x_wconf 90' lang='lat' dir='ltr'><strong>Cod.</strong></span> <span class='ocrx_word' id='word_1_192' title='bbox 1322 1844 1352 1849; x_wconf 90' lang='lat'><strong>—-·</strong></span> <span class='ocrx_word' id='word_1_193' title='bbox 1387 1830 1482 1857; x_wconf 80' lang='lat' dir='ltr'><strong>urbem</strong></span> <span class='ocrx_word' id='word_1_194' title='bbox 1506 1831 1700 1868; x_wconf 74' lang='lat' dir='ltr'><strong>diripiendam]</strong></span> <span class='ocrx_word' id='word_1_195' title='bbox 1722 1832 1857 1859; x_wconf 71' lang='grc' dir='ltr'><strong>Ῐιοηίὶίισ</strong></span> 
     </span>
     <span class='ocr_line' id='line_1_21' title="bbox 397 1872 1853 1911; baseline 0.003 -13"><span class='ocrx_word' id='word_1_196' title='bbox 397 1873 486 1898; x_wconf 82' lang='lat' dir='ltr'><strong>urbem</strong></span> <span class='ocrx_word' id='word_1_197' title='bbox 505 1873 680 1905; x_wconf 72' lang='lat' dir='ltr'><strong>diripiendam</strong></span> <span class='ocrx_word' id='word_1_198' title='bbox 699 1872 769 1900; x_wconf 83' lang='lat' dir='ltr'><strong>cod.</strong></span> <span class='ocrx_word' id='word_1_199' title='bbox 790 1872 873 1899; x_wconf 78' lang='lat' dir='ltr'><strong>Frob.</strong></span> <span class='ocrx_word' id='word_1_200' title='bbox 902 1873 926 1899; x_wconf 88' lang='lat'><strong>1.</strong></span> <span class='ocrx_word' id='word_1_201' title='bbox 946 1874 973 1900; x_wconf 83' lang='lat'><strong>2.</strong></span> <span class='ocrx_word' id='word_1_202' title='bbox 993 1874 1079 1901; x_wconf 75' lang='lat' dir='ltr'><strong>Drak.</strong></span> <span class='ocrx_word' id='word_1_203' title='bbox 1098 1888 1129 1892; x_wconf 92' lang='lat'><strong>—-</strong></span> <span class='ocrx_word' id='word_1_204' title='bbox 1165 1874 1340 1911; x_wconf 78' lang='lat' dir='ltr'><strong>pertinacius]</strong></span> <span class='ocrx_word' id='word_1_205' title='bbox 1358 1877 1490 1909; x_wconf 78' lang='lat' dir='ltr'><strong>pertinaci</strong></span> <span class='ocrx_word' id='word_1_206' title='bbox 1506 1882 1535 1901; x_wconf 76' lang='lat' dir='ltr'><strong>ut</strong></span> <span class='ocrx_word' id='word_1_207' title='bbox 1554 1874 1624 1902; x_wconf 82' lang='lat' dir='ltr'><strong>cod.</strong></span> <span class='ocrx_word' id='word_1_208' title='bbox 1643 1888 1672 1894; x_wconf 83' lang='lat'>—</span> <span class='ocrx_word' id='word_1_209' title='bbox 1709 1875 1853 1909; x_wconf 73' lang='lat' dir='ltr'><strong>finitimae]</strong></span> 
     </span>
     <span class='ocr_line' id='line_1_22' title="bbox 390 1914 1855 1952; baseline 0.003 -12"><span class='ocrx_word' id='word_1_210' title='bbox 390 1915 538 1950; x_wconf 78' lang='lat' dir='ltr'><strong>finitumae</strong></span> <span class='ocrx_word' id='word_1_211' title='bbox 560 1914 628 1942; x_wconf 82' lang='lat' dir='ltr'><strong>cod.</strong></span> <span class='ocrx_word' id='word_1_212' title='bbox 647 1932 681 1937; x_wconf 94' lang='lat'><strong>-—</strong></span> <span class='ocrx_word' id='word_1_213' title='bbox 715 1917 876 1949; x_wconf 71' lang='lat' dir='ltr'><strong>Auctumni]</strong></span> <span class='ocrx_word' id='word_1_214' title='bbox 896 1919 1028 1943; x_wconf 75' lang='lat' dir='ltr'><strong>Autumni</strong></span> <span class='ocrx_word' id='word_1_215' title='bbox 1042 1917 1111 1944; x_wconf 83' lang='lat' dir='ltr'><strong>cod.</strong></span> <span class='ocrx_word' id='word_1_216' title='bbox 1132 1918 1215 1944; x_wconf 84' lang='lat' dir='ltr'><strong>Frob.</strong></span> <span class='ocrx_word' id='word_1_217' title='bbox 1236 1920 1261 1944; x_wconf 89' lang='lat'><strong>1.</strong></span> <span class='ocrx_word' id='word_1_218' title='bbox 1281 1921 1308 1944; x_wconf 86' lang='lat'><strong>2.</strong></span> <span class='ocrx_word' id='word_1_219' title='bbox 1327 1918 1412 1944; x_wconf 71' lang='lat' dir='ltr'><strong>Drak.</strong></span> <span class='ocrx_word' id='word_1_220' title='bbox 1432 1933 1467 1939; x_wconf 90' lang='lat'><strong>-—</strong></span> <span class='ocrx_word' id='word_1_221' title='bbox 1503 1919 1538 1944; x_wconf 72' lang='lat' dir='ltr'><strong>nd</strong></span> <span class='ocrx_word' id='word_1_222' title='bbox 1555 1919 1788 1952; x_wconf 75' lang='lat' dir='ltr'><strong>circumeundum]</strong></span> <span class='ocrx_word' id='word_1_223' title='bbox 1808 1920 1855 1944; x_wconf 76' lang='lat' dir='ltr'><strong>sie</strong></span> 
     </span>
     <span class='ocr_line' id='line_1_23' title="bbox 397 1957 1853 1998; baseline 0.002 -14"><span class='ocrx_word' id='word_1_224' title='bbox 397 1957 466 1984; x_wconf 79' lang='lat' dir='ltr'><strong>Cod.</strong></span> <span class='ocrx_word' id='word_1_225' title='bbox 481 1959 705 1991; x_wconf 76' lang='lat' dir='ltr'><strong>circumeundam,</strong></span> <span class='ocrx_word' id='word_1_226' title='bbox 730 1961 830 1986; x_wconf 74' lang='lat' dir='ltr'><strong>omisso</strong></span> <span class='ocrx_word' id='word_1_227' title='bbox 855 1961 905 1993; x_wconf 80' lang='lat' dir='ltr'><strong>ad,</strong></span> <span class='ocrx_word' id='word_1_228' title='bbox 931 1960 1012 1986; x_wconf 83' lang='lat' dir='ltr'><strong>Frob.</strong></span> <span class='ocrx_word' id='word_1_229' title='bbox 1035 1962 1060 1987; x_wconf 86' lang='lat'><strong>1.</strong></span> <span class='ocrx_word' id='word_1_230' title='bbox 1084 1962 1111 1987; x_wconf 87' lang='lat'><strong>2.</strong></span> <span class='ocrx_word' id='word_1_231' title='bbox 1136 1961 1224 1988; x_wconf 75' lang='lat' dir='ltr'><strong>Drak.</strong></span> <span class='ocrx_word' id='word_1_232' title='bbox 1243 1960 1328 1987; x_wconf 80' lang='lat' dir='ltr'><strong>Bekk.</strong></span> <span class='ocrx_word' id='word_1_233' title='bbox 1342 1976 1378 1981; x_wconf 90' lang='lat'><strong>—</strong></span> <span class='ocrx_word' id='word_1_234' title='bbox 1413 1960 1588 1997; x_wconf 66' lang='lat' dir='ltr'><strong>visendaque,</strong></span> <span class='ocrx_word' id='word_1_235' title='bbox 1608 1961 1689 1998; x_wconf 75' lang='lat' dir='ltr'><strong>quae]</strong></span> <span class='ocrx_word' id='word_1_236' title='bbox 1702 1963 1853 1988; x_wconf 78' lang='lat' dir='ltr'><strong>visendam-</strong></span> 
     </span>
     <span class='ocr_line' id='line_1_24' title="bbox 399 2001 1853 2043; baseline 0.006 -16"><span class='ocrx_word' id='word_1_237' title='bbox 399 2012 457 2036; x_wconf 82' lang='lat' dir='ltr'><strong>que,</strong></span> <span class='ocrx_word' id='word_1_238' title='bbox 477 2003 577 2028; x_wconf 77' lang='lat' dir='ltr'><strong>omisso</strong></span> <span class='ocrx_word' id='word_1_239' title='bbox 591 2012 668 2036; x_wconf 74' lang='lat' dir='ltr'><strong>quae,</strong></span> <span class='ocrx_word' id='word_1_240' title='bbox 688 2001 755 2030; x_wconf 85' lang='lat' dir='ltr'><strong>Cod.</strong></span> <span class='ocrx_word' id='word_1_241' title='bbox 770 2018 801 2022; x_wconf 87' lang='lat'><strong>--</strong></span> <span class='ocrx_word' id='word_1_242' title='bbox 830 2005 969 2031; x_wconf 69' lang='lat' dir='ltr'><strong>nobilitata</strong></span> <span class='ocrx_word' id='word_1_243' title='bbox 984 2005 1054 2031; x_wconf 78' lang='lat' dir='ltr'><strong>fama</strong></span> <span class='ocrx_word' id='word_1_244' title='bbox 1074 2005 1186 2038; x_wconf 76' lang='lat' dir='ltr'><strong>maiora]</strong></span> <span class='ocrx_word' id='word_1_245' title='bbox 1207 2006 1318 2032; x_wconf 76' lang='lat' dir='ltr'><strong>nobilita</strong></span> <span class='ocrx_word' id='word_1_246' title='bbox 1322 2004 1412 2042; x_wconf 52' lang='lat' dir='ltr'><strong>fame?</strong></span> <span class='ocrx_word' id='word_1_247' title='bbox 1423 2009 1560 2040; x_wconf 74' lang='lat' dir='ltr'><strong>maiorum,</strong></span> <span class='ocrx_word' id='word_1_248' title='bbox 1578 2008 1711 2034; x_wconf 68' lang='lat' dir='ltr'><strong>vocabulo</strong></span> <span class='ocrx_word' id='word_1_249' title='bbox 1721 2005 1807 2043; x_wconf 54' lang='lat' dir='ltr'><strong>sanz</strong></span> <span class='ocrx_word' id='word_1_250' title='bbox 1824 2011 1853 2036; x_wconf 84' lang='lat' dir='ltr'><strong>in</strong></span> 
     </span>
     <span class='ocr_line' id='line_1_25' title="bbox 396 2044 1853 2086; baseline 0.005 -16"><span class='ocrx_word' id='word_1_251' title='bbox 396 2044 452 2071; x_wconf 78' lang='lat' dir='ltr'><strong>fine</strong></span> <span class='ocrx_word' id='word_1_252' title='bbox 465 2054 557 2070; x_wconf 79' lang='lat' dir='ltr'><strong>versus</strong></span> <span class='ocrx_word' id='word_1_253' title='bbox 569 2048 670 2081; x_wconf 70' lang='lat' dir='ltr'><strong>ponito,</strong></span> <span class='ocrx_word' id='word_1_254' title='bbox 686 2044 754 2071; x_wconf 84' lang='lat' dir='ltr'><strong>cod.</strong></span> <span class='ocrx_word' id='word_1_255' title='bbox 768 2047 996 2082; x_wconf 74' lang='lat' dir='ltr'><strong>nobilitamfamn</strong></span> <span class='ocrx_word' id='word_1_256' title='bbox 1008 2050 1093 2082; x_wconf 75' lang='lat' dir='ltr'><strong>magis</strong></span> <span class='ocrx_word' id='word_1_257' title='bbox 1106 2048 1188 2075; x_wconf 82' lang='lat' dir='ltr'><strong>Frob.</strong></span> <span class='ocrx_word' id='word_1_258' title='bbox 1204 2050 1228 2074; x_wconf 89' lang='lat'><strong>1.</strong></span> <span class='ocrx_word' id='word_1_259' title='bbox 1243 2051 1270 2074; x_wconf 84' lang='lat'><strong>2.</strong></span> <span class='ocrx_word' id='word_1_260' title='bbox 1284 2050 1370 2076; x_wconf 79' lang='lat' dir='ltr'><strong>Drak.</strong></span> <span class='ocrx_word' id='word_1_261' title='bbox 1380 2065 1416 2070; x_wconf 92' lang='lat'><em>-</em></span> <span class='ocrx_word' id='word_1_262' title='bbox 1434 2048 1467 2076; x_wconf 88' lang='lat' dir='ltr'><strong>C.</strong></span> <span class='ocrx_word' id='word_1_263' title='bbox 1481 2049 1602 2086; x_wconf 83' lang='lat' dir='ltr'><strong>Sulpicio</strong></span> <span class='ocrx_word' id='word_1_264' title='bbox 1620 2051 1712 2083; x_wconf 75' lang='lat' dir='ltr'><strong>Gallo]</strong></span> <span class='ocrx_word' id='word_1_265' title='bbox 1735 2052 1764 2078; x_wconf 90' lang='lat' dir='ltr'><strong>C.</strong></span> <span class='ocrx_word' id='word_1_266' title='bbox 1785 2052 1853 2078; x_wconf 82' lang='lat' dir='ltr'><strong>Sul-</strong></span> 
     </span>
     <span class='ocr_line' id='line_1_26' title="bbox 394 2086 1853 2129; baseline 0.008 -17"><span class='ocrx_word' id='word_1_267' title='bbox 394 2088 481 2122; x_wconf 69' lang='lat' dir='ltr'><strong>pi’eiuae</strong></span> <span class='ocrx_word' id='word_1_268' title='bbox 500 2087 571 2115; x_wconf 81' lang='lat' dir='ltr'><strong>Galo</strong></span> <span class='ocrx_word' id='word_1_269' title='bbox 584 2086 654 2116; x_wconf 84' lang='lat' dir='ltr'><strong>Cod.</strong></span> <span class='ocrx_word' id='word_1_270' title='bbox 664 2103 701 2109; x_wconf 91' lang='lat'>-</span> <span class='ocrx_word' id='word_1_271' title='bbox 718 2087 802 2121; x_wconf 75' lang='lat' dir='ltr'><strong>haud]</strong></span> <span class='ocrx_word' id='word_1_272' title='bbox 816 2094 863 2115; x_wconf 74' lang='lat' dir='ltr'><strong>aut</strong></span> <span class='ocrx_word' id='word_1_273' title='bbox 875 2087 944 2118; x_wconf 82' lang='lat' dir='ltr'><strong>Cod.</strong></span> <span class='ocrx_word' id='word_1_274' title='bbox 957 2105 994 2111; x_wconf 89' lang='lat'><strong>—-</strong></span> <span class='ocrx_word' id='word_1_275' title='bbox 1011 2090 1151 2129; x_wconf 76' lang='lat' dir='ltr'><strong>Scipione]</strong></span> <span class='ocrx_word' id='word_1_276' title='bbox 1173 2092 1291 2127; x_wconf 76' lang='lat' dir='ltr'><strong>Scipioni</strong></span> <span class='ocrx_word' id='word_1_277' title='bbox 1302 2091 1371 2121; x_wconf 85' lang='lat' dir='ltr'><strong>cod.</strong></span> <span class='ocrx_word' id='word_1_278' title='bbox 1383 2109 1420 2115; x_wconf 94' lang='lat'>—</span> <span class='ocrx_word' id='word_1_279' title='bbox 1437 2092 1588 2127; x_wconf 70' lang='lat' dir='ltr'><strong>Athenaeo]</strong></span> <span class='ocrx_word' id='word_1_280' title='bbox 1607 2094 1725 2122; x_wconf 71' lang='lat' dir='ltr'><strong>Atheneo</strong></span> <span class='ocrx_word' id='word_1_281' title='bbox 1740 2093 1853 2125; x_wconf 69' lang='lat' dir='ltr'><strong>Coei.—</strong></span> 
     </span>
    </p>
   </div>
  </div>
 </body>
</html>
