2075 2504
241 185 286 219 26

244 284 302 315 pro
324 273 370 304 M.
391 273 520 303 Fonteio
542 278 574 302 et
595 282 652 313 pro
675 270 711 302 C.
728 271 850 302 Rabirio
879 273 1062 315 Fragmenta
1082 283 1114 314 p.
1138 273 1191 302 60.
1216 265 1264 302 Ibi
1285 271 1367 302 enim
1389 270 1476 303 litera
1497 278 1509 302 t
1531 271 1598 304 sive
1625 272 1664 304 T.
1686 277 1782 305 voot-

245 325 319 357 bulo
342 324 430 356 datus
453 336 516 356 non
539 323 687 363 adhaesit,
709 331 743 355 ut
764 324 797 354 in
821 325 919 366 Epist.
952 325 989 355 ad
1018 322 1154 356 Goeller.
1174 336 1206 366 p.
1236 324 1311 355 458.
1343 321 1527 366 suspicabar,
1558 324 1614 355 sed
1643 324 1783 357 libr-rius

244 377 404 418 perspicue
428 377 592 409 admodum
615 376 751 416 scripsit:
775 375 897 406 adiutor
919 374 1022 405 consul
1044 375 1132 405 datus
1154 383 1175 405 1.
1198 376 1339 417 quinctio,
1358 376 1391 406 id
1414 382 1462 407 est
1482 375 1572 405 dana
1586 375 1626 405 T.
1644 375 1783 415 Quinctio

246 434 303 458 etc.
349 427 498 467 Similiter
521 438 587 468 cap.
610 430 662 456 22.
685 437 742 468 pro
764 426 909 469 vulgato:
936 427 1088 469 Quumque
1109 426 1266 457 Minucius
1288 433 1345 465 etc.
1369 426 1454 465 olim,
1484 427 1621 458 restituta
1648 437 1785 468 praeno·-

244 479 336 510 minis
358 486 447 518 nota,
468 489 508 510 ex
531 478 705 509 coniectura
726 480 869 521 reposui:
895 478 993 519 Quum
1018 478 1056 520 Q.
1079 478 1236 510 Minucius
1257 484 1316 509 etc.
1339 479 1422 520 quod
1443 479 1544 521 ipsum
1573 490 1654 511 nunc
1682 478 1783 510 Goel⁴

245 537 312 568 lero
334 537 500 568 succedens
523 537 555 566 in
579 536 648 566 cod.
664 537 771 566 Bamb.
795 535 895 576 reperi
916 535 975 566 hoc
998 536 1089 566 modo
1112 536 1272 576 scriptum:
1295 530 1331 565 οἱ
1350 547 1379 576 q.
1402 536 1549 574 minitius,
1573 537 1606 567 id
1632 543 1679 567 est
1708 535 1783 567 Cum

250 588 289 629 Q.
313 588 465 618 Minurius
488 594 546 617 etc.
592 587 672 618 Nam
694 586 798 628 paullo
821 593 893 627 post
914 599 942 629 q.
965 588 1123 617 minutium
1145 597 1201 629 pro
1228 587 1256 627 Q
1277 586 1451 618 Minucium
1473 588 1505 618 in
1528 588 1632 620 codice
1660 587 1782 631 legitur.

334 641 419 682 refici
440 640 530 679 iecra]
575 640 645 669 Hoc
667 638 812 679 vulgato:
837 640 979 668 resarciri
1000 646 1088 676 tecta,
1112 639 1195 680 quod
1216 639 1359 679 Grynaeo
1381 639 1517 678 debetur,
1539 640 1783 670 substituendum

245 692 362 732 putavi,
393 702 487 731 quum
516 691 646 719 verbum
675 691 822 718 resarcire
850 691 931 730 apud
963 691 1088 720 Livium
1119 690 1248 732 reperiri
1277 700 1340 720 non
1367 690 1567 730 meminerim,
1596 697 1686 732 atque
1707 690 1780 722 Liva

246 742 399 780 XXXIII,
424 744 475 772 17.
499 749 644 784 quassata
666 743 747 771 muri
769 743 901 779 reficere,
925 742 1009 783 quod
1030 743 1171 781 verbum,
1192 741 1266 773 licet
1293 742 1326 772 in
1348 742 1416 773 cod.
1446 742 1552 773 Bamb.
1582 743 1781 781 desideretur,

245 795 390 826 Goellero
414 802 538 824 auctore
562 795 704 824 omittere
727 794 833 831 nolim,
858 801 888 824 et
911 806 976 834 cap.
1000 797 1053 823 38.
1077 801 1112 824 ut
1133 794 1188 831 VI,
1211 798 1243 825 .1.
1267 793 1444 835 rzficiendae
1460 794 1542 823 urhis
1564 793 1691 836 legatur.
1719 796 1782 824 Fa·-

246 846 335 876 cilius
367 846 466 882 etiam,
495 845 521 875 si
550 845 591 874 ita
621 844 703 874 hunc
733 844 836 875 locum
866 844 1045 882 correxeris,
1074 844 1238 886 intelliges,
1268 844 1322 885 qui
1354 843 1465 874 factum
1487 844 1536 884 sit,
1560 852 1595 876 ut
1616 844 1782 888 ufer-rique

247 896 362 938 tegulas
385 905 411 926 et
434 895 545 938 refi‘rri
566 903 593 925 ct
615 903 693 926 tecta
715 897 860 927 scriberet
881 896 1032 933 librarius,
1061 896 1114 935 qui
1142 895 1291 936 persimili
1322 906 1423 925 errore
1450 896 1559 937 lapsus,
1581 898 1652 928 Liv.
1681 898 1784 936 XLII,

245 952 298 978 26.
323 947 469 977 redierunt
491 946 585 986 legati
605 947 657 988 qui
686 946 843 985 redierunt,
875 957 942 987 cap.
974 944 1026 974 44.
1054 957 1107 975 suo
1135 957 1248 988 quoque
1272 947 1397 988 proprio
1423 948 1582 989 propriam
1610 949 1781 979 societatem

245 1007 419 1042 aspernata,
443 998 560 1038 XLIV,
583 1001 636 1030 33.
659 1010 700 1029 em
727 999 838 1029 stativa
863 999 1000 1036 statione,
1035 1004 1065 1029 et
1094 997 1195 1038 XLV,
1227 1002 1277 1030 13.
1308 997 1402 1041 legati
1429 999 1534 1031 deinde
1560 1003 1688 1033 victoria
1714 1010 1781 1033 sunt

244 1054 358 1093 posuit,
381 1060 472 1091 atque
494 1052 605 1080 horum
627 1051 765 1080 locorum
788 1052 966 1090 scripturam
990 1050 1112 1079 dubiam
1135 1057 1165 1079 et
1193 1051 1338 1080 incertam
1365 1051 1506 1082 reddidit.
1555 1053 1637 1083 Vide
1667 1060 1786 1091 tamen,

245 1114 284 1132 an
306 1102 376 1132 loco
399 1102 471 1132 Liv.
494 1101 593 1139 XLII,
616 1100 668 1130 44.
691 1101 732 1130 ita
755 1100 870 1131 mederi
892 1101 1001 1142 possis,
1023 1107 1067 1139 ut,
1091 1112 1184 1142 quum
1207 1112 1273 1143 cap.
1296 1101 1349 1133 43.
1379 1102 1482 1144 quibus
1512 1103 1632 1146 populis
1658 1105 1780 1146 proprie

244 1155 413 1185 societatem
442 1165 508 1183 cum
533 1165 599 1193 rege
626 1153 711 1193 iungi
738 1152 934 1193 displimcisset
961 1152 1089 1194 legatur,
1118 1163 1181 1183 non
1210 1160 1272 1183 tam
1299 1165 1352 1183 suo
1380 1155 1486 1196 quique
1509 1157 1634 1196 proprio
1664 1155 1780 1186 decreto

246 1207 359 1246 regiam
371 1206 541 1235 societatem
562 1205 726 1245 aspernati,
751 1203 834 1244 quod
853 1203 927 1234 olim
942 1205 973 1234 in
988 1204 1107 1234 minore*
1121 1204 1205 1235 Livii
1220 1204 1353 1235 editione
1367 1205 1493 1249 vulgato
1507 1207 1665 1246 substitui,
1688 1217 1779 1249 quam

243 1269 296 1288 suo
320 1258 425 1299 quique
442 1255 557 1286 decreto
568 1256 729 1298 propriam
741 1256 911 1286 societatem
926 1257 1081 1298 aspernati
1092 1256 1220 1296 scribas3
1243 1257 1419 1299 praesertim
1431 1269 1525 1300 quum
1537 1260 1681 1301 proprio,
1703 1271 1779 1292 ver-

244 1310 291 1341 bis
312 1321 364 1340 suo
387 1310 493 1351 quique
514 1308 629 1339 decreto
651 1309 804 1346 iunctum,
828 1308 919 1350 plane
941 1308 1110 1339 redundare
1133 1309 1282 1339 videatur.

330 1360 542 1400 Samothrace]
586 1359 707 1390 Insulae
729 1371 829 1390 sacrae
853 1360 926 1390 olim
949 1367 980 1390 et
1002 1366 1146 1401 augustae
1168 1360 1293 1389 nomine
1313 1360 1486 1392 admonitus
1500 1361 1597 1392 facere
1619 1372 1682 1392 non
1703 1373 1778 1404 pos-

244 1424 329 1451 sum,
352 1413 427 1454 quin
449 1412 482 1442 in
504 1412 596 1442 huius
619 1411 760 1452 opusculi
782 1413 842 1441 fine
866 1412 1070 1441 coniecturam
1090 1409 1335 1451 qualemcunque
1357 1422 1534 1453 expromam
1555 1413 1594 1443 de
1615 1412 1684 1444 loco
1706 1414 1779 1445 Liv.

243 1465 346 1503 XLV,
370 1466 399 1494 5.
423 1464 582 1505 desperato
605 1462 729 1502 quidem
751 1461 806 1492 illo
819 1485 827 1499 ‚
851 1473 884 1491 ac
907 1473 1004 1502 paene
1027 1461 1223 1499 conclamato,
1244 1462 1285 1491 ita
1306 1469 1407 1492 tamen
1428 1463 1552 1495 forsitan
1571 1465 1716 1504 sanando,
1733 1473 1778 1504 ut,

243 1526 338 1557 quum
356 1515 389 1544 in
418 1514 486 1545 cod.
516 1513 654 1544 Vindob.
684 1512 771 1555 polui
799 1525 867 1542 eam
895 1524 951 1554 pro
977 1511 1147 1554 pollutam,
1170 1519 1260 1553 atque
1287 1520 1442 1554 praeterea
1467 1516 1693 1559 praefariorum
1720 1529 1778 1559 pro

240 1565 401 1609 praefatio
422 1577 592 1603 sacrorum,
616 1572 648 1595 et
675 1573 782 1596 contra
812 1565 927 1595 minari
954 1576 1011 1606 pro
1043 1565 1248 1595 contaminari
1275 1564 1403 1607 legatur,
1432 1566 1470 1597 L.
1514 1568 1602 1599 Atilii
1622 1570 1717 1600 verba
1739 1570 1777 1600 de

242 1619 299 1648 hae
322 1618 390 1658 ipsa
411 1616 509 1647 insula
530 1617 563 1646 in
585 1616 668 1646 hunc
683 1617 816 1646 maxime
837 1617 976 1647 ordinem
998 1617 1190 1658 redigantur:
1215 1614 1275 1646 Cur
1289 1617 1381 1656 igitur
1400 1617 1499 1659 pollui
1524 1631 1592 1649 eam
1615 1620 1654 1650 ab
1675 1620 1776 1651 homi·

244 1669 324 1706 cida,
347 1669 400 1709 qui
420 1667 553 1708 Delphos
573 1669 719 1707 sanguine
740 1668 817 1707 regis
838 1667 979 1698 Eumenis
999 1667 1134 1705 violavit,
1157 1676 1194 1706 et,
1217 1680 1308 1709 quum
1331 1669 1427 1698 omm's
1444 1669 1604 1713 praffatio
1620 1683 1778 1703 sacrorum
1801 1710 1803 1714 Ι

243 1731 302 1756 cos,
331 1718 435 1761 quibus
465 1730 524 1748 non
552 1719 611 1747 sint
642 1730 737 1759 purae
766 1730 885 1755 manus,
914 1720 1010 1749 sacris
1041 1726 1156 1757 arceat,
1185 1730 1237 1749 vos
1256 1718 1427 1761 penetralia
1447 1729 1545 1753 vestra
1573 1724 1778 1756 contaminari

243 1779 362 1803 cruento
383 1769 513 1801 latronis
541 1782 667 1812 corpore
686 1768 811 1800 sinetis?
854 1771 938 1801 Huic
960 1771 1151 1802 coniecturae
1173 1771 1287 1810 favent,
1310 1779 1345 1803 ut
1366 1774 1485 1816 opinor,
1513 1785 1577 1806 non
1605 1775 1704 1806 solnm
1730 1788 1775 1816 en,

243 1834 321 1865 quae
343 1822 414 1852 Liv.
436 1822 535 1861 XLII,
559 1824 610 1852 15.
634 1829 666 1852 et
693 1824 743 1854 16.
767 1829 931 1861 narrantur,
963 1823 1017 1853 sed
1048 1823 1138 1853 etiam
1167 1834 1211 1860 ea,
1243 1834 1320 1864 quae
1341 1824 1392 1856 hic
1420 1826 1562 1868 proxime
1590 1835 1775 1868 sequunturx

242 1872 366 1906 Nobilis
375 1871 478 1916 fama
499 1881 564 1903 erat
587 1872 669 1915 apud
691 1885 791 1904 omnes
809 1872 956 1904 Graeciae
968 1875 1098 1905 civitates
1118 1873 1257 1905 Eumenis
1278 1879 1355 1918 regis
1374 1889 1429 1918 per
1450 1877 1626 1909 Euandrum
1648 1879 1777 1921 Delphis

242 1937 337 1967 prope
354 1931 531 1965 perpetrata
553 1924 667 1962 caedes,
691 1932 781 1965 atque
804 1925 943 1956 similiter
964 1927 996 1955 in
1018 1927 1079 1956 fine
1102 1925 1193 1956 huius
1216 1928 1322 1968 capitis
1344 1929 1406 1958 duo
1428 1929 1614 1960 sanctissima
1634 1931 1667 1962 in
1687 1931 1775 1963 terris

245 1976 359 2018 templa
380 1975 527 2016 sanguine
548 1973 679 2005 humano
701 1975 829 2014 violata,
853 1983 884 2006 et
905 1988 922 2007 a
938 1975 1086 2008 Cicerone
1108 1977 1141 2006 in
1153 1976 1241 2008 Verr.
1255 1978 1296 2016 V,
1317 1982 1370 2010 72.
1386 1980 1504 2012 Cereris
1515 1980 1707 2024 Liberaeque
1723 1993 1776 2013 sa-

244 2040 293 2060 cra
312 2026 435 2069 polluta
457 2034 484 2056 ee
505 2024 622 2056 violata
645 2026 795 2058 dicuntur.
817 2027 880 2058 Sed
901 2028 977 2059 haec
998 2028 1156 2060 hactenus.
1177 2029 1263 2061 Idem
1285 2031 1367 2062 enim
1388 2031 1495 2064 Cicero
1517 2033 1593 2064 mihi
1613 2033 1774 2065 inclamans

242 2080 327 2112 Heus
348 2088 391 2118 iu,
413 2091 538 2110 manum
561 2077 597 2108 cle
617 2077 733 2109 tabula.
