2075 2504
1763 294 1786 327 7

258 397 339 426 tum
363 388 569 432 oraculum5
607 385 690 433 ubi,
717 385 893 424 sacrificio
917 385 1080 436 Apollini
1103 384 1218 431 facto,
1244 383 1428 422 inchoatas
1451 385 1490 421 in
1514 383 1694 422 vestibulo
1720 397 1784 422 co-

257 448 416 494 lamnas,
452 446 584 497 quibus
608 446 814 497 imposituri
838 453 971 483 statuas
995 445 1092 496 regis
1117 445 1238 482 Persei
1261 445 1422 491 fuerant,
1457 444 1529 480 suis
1554 445 1679 481 statuis
1704 444 1783 482 vic-

256 515 315 545 tor
348 506 549 544 destinavit.
614 505 796 543 Lebadiae
829 519 975 557 quoque
1006 505 1183 556 templum
1220 506 1315 541 Iovis
1342 503 1550 555 Trophonii
1581 505 1666 541 adit.
1725 504 1784 541 lbi

258 580 342 604 cum
367 566 516 603 vidisset
541 579 581 602 os
606 578 752 616 specus,
797 578 866 617 per
889 564 991 615 quod
1017 564 1162 602 oraculo
1188 572 1327 602 utentes
1353 564 1569 602 sciscitatum
1595 563 1682 601 deos
1714 564 1782 602 de-

255 626 440 672 scendunt,
466 625 641 662 sacrificio
656 626 733 662 Iovi
747 626 1009 675 Hercynaeque
1024 624 1132 672 facto,
1159 638 1316 675 (suorum
1335 625 1389 661 ibi
1403 624 1578 675 templum
1591 631 1656 671 est,
1673 622 1781 661 Chal-

254 685 372 723 cidem
399 685 445 722 ad
471 685 712 736 spectaculum
733 685 864 736 Euripi
889 685 1150 735 Euboeaeque‚
1177 693 1258 722 ante
1283 685 1542 735 paeninsulae,x
1558 698 1654 721 nunc
1680 685 1782 721 insu-

253 744 328 792 lae,
354 752 464 796 ponte
486 745 682 782 continenti
701 745 861 792 iunctae,
889 743 1083 782 descendit.
1135 745 1170 783 A
1188 743 1358 782 Chalcide
1383 744 1555 782 Aulidem
1576 752 1653 781 rate
1678 743 1782 781 traii-

254 806 322 853 cit,
357 805 468 843 trium
492 805 633 842 milium
665 805 781 856 spatio
808 805 1017 852 distantem,
1049 813 1196 855 portum
1220 805 1394 844 indutum
1420 806 1572 841 statione
1599 804 1782 854 quondam

253 864 352 901 mille
372 864 519 900 navium
532 863 838 915 Agamemnoniae
859 863 998 911 classis,
1026 864 1234 915 Dianaeque
1256 865 1410 916 templo,
1436 865 1504 901 ubi
1522 864 1675 902 navibus
1696 877 1781 903 cur-

254 937 335 961 sum
360 923 407 961 ad
433 923 605 971 Troiam,
639 924 712 961 filia
737 925 883 961 victima
909 926 980 961 aris
1005 925 1166 971 admota,
1193 938 1261 961 rex
1287 925 1347 961 ille
1373 938 1502 975 regum
1526 925 1641 975 petiit.
1693 925 1781 961 Inde

253 982 419 1034 Oropum
443 983 583 1020 Atticae
609 991 756 1020 ventum
781 991 852 1030 est,
892 983 958 1020 ubi
982 996 1050 1034 pro
1077 983 1146 1019 deo
1172 990 1271 1020 vates
1301 984 1469 1034 antiquus
1495 983 1646 1031 colitur,
1686 991 1779 1022 tem-

253 1043 426 1095 plumque
451 1050 632 1080 vetustum
655 1051 719 1090 est,
746 1042 908 1080 sontibus
933 1043 1093 1092 rivisque
1119 1043 1213 1080 circa
1239 1056 1438 1081 amoenum.
1492 1043 1654 1082 Athenas
1679 1045 1777 1092 inde,

252 1098 378 1154 plenas
403 1103 550 1153 quidem
577 1110 612 1139 et
637 1103 733 1154 ipsas
766 1110 940 1139 vetustate
966 1102 1102 1149 famae,
1137 1103 1249 1139 multa
1274 1110 1394 1139 tamen
1417 1104 1567 1140 visenda
1592 1103 1777 1150 habentes,

253 1175 391 1208 arcem,
430 1169 575 1213 portus,
602 1176 725 1199 muros
747 1163 935 1199 Piraeeum
959 1162 1046 1198 urbi
1070 1162 1275 1212 iungentes,
1303 1162 1444 1199 navalia
1468 1175 1683 1213 magnorum
1707 1164 1777 1199 im—

252 1229 480 1271 peratorum,
522 1220 710 1259 simulacra
743 1222 897 1260 deorum
920 1220 1180 1272 hominumque
1207 1221 1307 1259 omni
1329 1223 1462 1272 genere
1488 1229 1524 1259 et
1548 1222 1719 1272 materiae
1745 1229 1780 1260 et

252 1281 385 1318 artium
407 1281 571 1332 insignia.
1179 1273 1182 1276 ⁴

321 1428 371 1455 per
387 1418 557 1445 Thessaliam
577 1417 700 1455 Delphos
723 1417 804 1455 petit]
830 1428 877 1453 per
897 1417 1050 1445 Teesaliam
1073 1417 1175 1453 Delpoe
1198 1420 1299 1453 petitur
1322 1417 1392 1446 cod.
1411 1435 1446 1441 -
1483 1419 1627 1452 inclutum]
1654 1419 1779 1455 inclytum

324 1462 393 1489 Cnd.
413 1462 495 1488 Frob.
523 1464 548 1488 1.
574 1464 601 1488 2.
621 1462 741 1488 inclitum
761 1462 844 1488 Drak.
864 1462 949 1488 Bekk.
967 1478 1004 1483 -
1038 1462 1204 1498 imposituri]
1231 1464 1375 1496 imposituri
1393 1462 1461 1490 Cod.
1476 1463 1567 1490 nuk.
1586 1479 1622 1483 —
1658 1462 1776 1494 fuerant]

320 1512 461 1540 puiuerant
479 1504 548 1531 Cod.
567 1520 603 1525 —
638 1505 785 1536 Lebadiae]
805 1507 939 1530 Leuadiae
955 1506 1024 1532 Cod.
1043 1521 1079 1526 -
1103 1505 1269 1541 Trophonii]
1291 1506 1440 1539 Trophonio
1465 1504 1534 1532 cod.
1552 1505 1634 1531 frob.
1655 1506 1679 1531 1.
1698 1506 1727 1531 2.
1743 1520 1779 1526 --

322 1547 390 1580 adii]
406 1547 451 1573 Sic
467 1546 536 1574 Cod.
556 1549 625 1574 adiit
642 1547 724 1575 Frob.
746 1550 771 1575 1.
784 1550 811 1575 2.
831 1548 916 1575 Drak.
931 1548 1016 1576 Beldx.
1029 1565 1065 1570 -—
1100 1549 1140 1576 Ibi
1153 1548 1227 1582 cum]
1248 1550 1286 1575 ibi
1303 1560 1383 1584 quum
1400 1550 1486 1577 Drak.
1507 1551 1553 1576 ubi
1568 1560 1624 1575 cum
1637 1549 1723 1575 Bekk.
1742 1564 1778 1569 —

322 1590 530 1627 Ilercynaeque]
541 1592 693 1626 Hercynnae
705 1603 773 1625 quae
785 1591 854 1618 cod.
867 1595 1070 1628 Ilerqvnnaeque
1082 1593 1164 1619 Frob.
1181 1595 1205 1619 1.
1220 1595 1247 1619 2.
1266 1593 1352 1620 Drak.
1371 1594 1457 1620 Bekk.
1472 1607 1504 1612 --
1519 1592 1688 1625 Chalcidem]
1712 1592 1777 1618 Cal-

322 1636 422 1662 ebidem
434 1634 502 1661 Cod.
515 1649 546 1653 —
560 1635 656 1670 Euripi
667 1634 856 1670 Euboeneque,
870 1641 932 1661 ante
946 1637 1129 1671 paeninsulae,
1149 1646 1222 1661 nunc
1234 1636 1349 1668 insulae]
1369 1637 1466 1670 Euripi
1477 1645 1591 1670 aevoque
1602 1642 1663 1661 anre
1675 1635 1778 1661 insulae
1828 1639 1833 1645 “

323 1678 392 1705 Cod-
403 1677 484 1703 Frob.
503 1679 529 1704 1.
540 1679 568 1704 2.
581 1678 678 1712 Euripi
688 1677 704 1693 '¹
722 1688 837 1710 aevoque
848 1685 908 1703 ante
919 1678 1024 1704 insulae
1034 1679 1120 1706 Drak.
1129 1680 1228 1712 Euripi
1237 1680 1412 1711 Euboeaequae
1423 1678 1527 1704 insulae
1539 1679 1625 1705 ΒΘΗ.
1635 1693 1667 1697 -
1685 1679 1775 1704 comi-

322 1720 409 1753 nenti]
430 1723 588 1755 conuenienti
599 1720 668 1747 cod.
684 1734 715 1738 —
751 1720 902 1753 deseendit]
923 1723 1088 1747 descenditur
1100 1721 1169 1748 cod.
1186 1736 1218 1739 —
1253 1720 1393 1753 Chalcide]
1417 1721 1541 1747 Calchide
1556 1720 1626 1749 Cod.
1656 1735 1679 1739 -
1712 1720 1776 1747 Au-

321 1764 406 1792 Iidem
423 1771 479 1791 rate
495 1763 606 1797 traiicit]
624 1764 752 1790 Aulidem
770 1771 826 1790 erat
842 1766 931 1790 traicit
949 1763 1018 1791 Cod.
1037 1765 1164 1790 Aulidem
1182 1765 1280 1797 traicit,
1298 1766 1398 1789 omisso
1416 1771 1481 1798 rate,
1500 1765 1583 1792 Frob.
1602 1767 1626 1792 1.
1643 1766 1670 1791 2.
1688 1763 1777 1790 Auli-

323 1810 381 1835 dem
400 1809 514 1843 troiia-ir,
542 1809 642 1835 omisso
666 1814 737 1843 rate,
768 1809 853 1836 Drak.
876 1824 907 1828 —
942 1808 1058 1842 milium]
1088 1808 1202 1835 millium
1220 1806 1288 1835 cod.
1307 1808 1393 1835 Druk.
1416 1822 1446 1827 —
1482 1808 1625 1842 inclutum]
1651 1809 1777 1845 inclytum

323 1853 394 1881 cod.
414 1854 496 1881 Frob.
511 1857 535 1880 l.
555 1855 582 1880 2.
602 1854 722 1880 inclitum
738 1854 823 1881 Drak.
843 1854 928 1881 Bekk.
944 1868 975 1873 —
993 1853 1118 1886 statione]
1138 1855 1274 1879 stolium-m
1293 1852 1361 1879 Cod.
1381 1867 1412 1872 -—
1434 1854 1675 1887 Agamemnoniae]
1694 1853 1777 1891 Ag}-

323 1899 508 1932 memm'om'ae,
528 1897 639 1933 syllabis
658 1897 715 1934 agg
730 1899 758 1923 in
776 1907 869 1925 versus
888 1897 942 1924 fine
961 1900 1056 1934 positis
1075 1904 1101 1923 et
1118 1898 1193 1923 litera
1212 1898 1223 1922 ί
1239 1899 1329 1933 priore
1347 1897 1470 1930 inductu,
1491 1895 1560 1923 Cod.
1586 1911 1619 1916 --
1653 1899 1775 1925 Dianae-

322 1950 375 1978 que
390 1941 504 1979 templo]
525 1943 680 1975 Dianaeque
698 1942 822 1976 templum
840 1940 908 1968 Cod.
929 1941 1010 1968 Frob.
1032 1942 1057 1968 1.
1077 1942 1104 1968 2.
1124 1940 1209 1967 Drak.
1232 1955 1263 1959 —
1297 1939 1353 1965 filia
1370 1941 1481 1966 victima
1500 1941 1552 1966 arie
1571 1941 1691 1974 admota]
1703 1942 1775 1976 fili—

322 1995 365 2010 am
382 1987 528 2011 victimarie
547 1988 685 2017 admenta,
704 1986 780 2011 litera
799 1996 812 2010 r
829 1987 858 2010 in
877 1986 1035 2017 m'ctimaris,
1054 1984 1083 2009 id
1096 1989 1136 2009 est
1154 1985 1259 2009 victima
1271 1984 1341 2016 arie,
1360 1992 1504 2019 perperam
1518 1984 1638 2018 inducta,
1659 1983 1727 2011 Cod.
1745 1998 1774 2003 -

322 2036 372 2054 rex
395 2027 439 2054 ille
463 2038 555 2064 regum
580 2029 667 2065 petiit.
710 2027 775 2054 Inde
800 2026 923 2065 Oropum
945 2028 1048 2054 Atticae
1074 2033 1187 2054 ventum
1210 2026 1262 2059 est]
1288 2037 1336 2052 rex
1360 2027 1409 2053 ille
1433 2037 1520 2063 regem
1543 2029 1650 2054 Atticae
1673 2035 1776 2054 ventum

325 2076 379 2104 en,
407 2071 502 2098 mediis
526 2074 647 2105 omissis,
673 2071 742 2098 Cod.
765 2085 796 2090 -
831 2078 905 2098 vates
929 2071 1065 2108 antiquus]
1086 2078 1157 2096 vates
1179 2072 1293 2096 nnn‘eum
1305 2069 1375 2098 Cod.
1391 2077 1463 2097 vane
1482 2072 1673 2104 Amphilochus
1691 2072 1773 2097 Frob.

327 2116 352 2140 1.
372 2115 399 2139 2.
417 2113 502 2140 Drak.
522 2123 594 2141 vates
609 2115 790 2148 Amphiaraus
809 2115 895 2141 Bekk.
918 2129 949 2133 -
984 2120 1010 2141 et
1026 2113 1111 2151 ipsas]
1133 2120 1157 2139 et
1175 2115 1231 2148 ipse
1249 2112 1318 2140 cod.
1342 2127 1373 2132 —
1408 2113 1548 2147 habentes]
1567 2113 1688 2141 habenti·
1707 2113 1774 2141 cod.

323 2157 456 2183 habenteis
473 2158 556 2186 Frob.
581 2161 606 2187 1.
626 2161 652 2186 2.
676 2173 707 2177 —-
741 2157 893 2192 Piraeeum]
913 2160 1035 2186 Phireum
1053 2157 1122 2186 cod.
1147 2160 1253 2185 Pinum
1270 2158 1353 2186 Frob.
1374 2160 1400 2186 1.
1419 2160 1446 2185 2.
1469 2171 1500 2177 --
1535 2158 1598 2185 urbi
1621 2158 1772 2193 iungentes]

324 2204 411 2228 urbem
429 2204 558 2238 fungenti:
578 2202 648 2230 Cod.
668 2205 727 2228 urbi
745 2205 891 2239 iungenteiae
909 2203 991 2229 Frob.
1009 2204 1033 2228 1.
1053 2204 1081 2228 2.

1774 2360 1828 2460 s
