2075 2504
1741 245 1785 277 25

255 330 448 370 Tisippum„
461 329 516 360 sed
545 329 635 359 etiam
662 327 701 360 ad
721 327 760 359 A.
783 328 930 360 Baebium
951 328 1145 360 referendum
1167 340 1233 360 esse
1255 335 1393 371 apparet,
1423 330 1637 370 scribendum,
1666 336 1782 362 totum-

255 383 316 421 que
336 380 437 411 locum
448 402 458 418 ,
487 391 548 410 una
569 386 687 412 tantum
708 378 829 411 litei-ula
858 386 986 418 mutata,
1013 380 1073 410 hoc
1096 380 1188 411 modo
1210 381 1454 411 constituendum
1476 382 1619 412 arbitror:
1648 382 1784 425 bonaque

253 443 373 468 eorum,
396 432 447 473 qui
467 430 619 473 interfecti
640 437 749 467 essent,
777 438 804 460 et
826 430 963 461 exsulum
983 431 1146 473 possideri,
1175 443 1218 462 sc.
1239 433 1275 462 ab
1297 431 1427 472 Lycisco
1447 439 1477 462 et
1494 433 1633 474 Tisippo.
1678 434 1781 473 Iumle,

252 483 305 524 qui
316 482 528 522 arguebantur,
550 480 733 523 Amphipoli
755 481 865 519 adesse,
889 489 923 512 ut
943 483 1152 524 cognitionem
1171 483 1262 513 huius
1283 484 1328 513 rei
1351 490 1516 521 exerceret,
1533 485 1594 524 ipse
1611 492 1669 515 etc.
1702 487 1779 517 Rem

253 533 375 564 conficit
392 533 505 564 'Livius
526 534 602 574 ipse,
625 530 688 573 qui,
711 544 805 573 quum
827 544 919 574 supra
946 534 1045 571 XLII,
1076 537 1130 565 38.
1162 534 1298 573 dixisset,
1327 534 1490 574 Lyciseum
1519 542 1699 576 praetorem,
1730 539 1779 568 cui

251 583 398 623 Polybius
420 585 529 622 XXX,
553 587 606 614 10.
630 578 792 625 Tisippum
815 594 936 625 quoque
960 585 1084 624 addidit,
1105 586 1311 615 Romanorum
1333 586 1444 616 favisse
1467 587 1567 624 rebus,
1589 586 1667 616 infra
1688 588 1778 619 huius

251 634 322 666 libri
350 646 416 677 cap.
447 637 500 666 31.
528 634 604 665 haec
631 635 779 666 narravit:
815 634 929 666 'Aetoli
961 635 1065 666 deinde
1094 637 1196 668 citari.-
1224 638 1257 666 in
1287 648 1346 678 qua
1377 638 1542 678 cognitione
1571 639 1681 679 magis,
1710 647 1779 670 utra

248 698 324 728 para
345 685 506 724 Romanis,
528 694 599 716 utra
621 688 684 727 regi
695 686 839 729 favis-eet,
856 688 1018 729 quaesitum
1040 695 1092 726 est,
1115 700 1206 729 quam
1226 696 1296 718 uir-a
1314 687 1437 730 fecisset
1457 690 1611 727 iniuriam,
1641 697 1694 720 aut
1721 702 1778 722 ac-

239 739 380 778 ‘cepissen
425 737 526 767 Noxa
548 736 668 767 liberali
688 737 910 778 interficiens:
933 738 1074 769 exsilium
1084 738 1179 780 pulsis
1193 751 1283 780 atquc
1296 747 1397 768 ratum
1409 738 1497 781 sitit,
1519 751 1558 769 ac
1579 751 1661 769 mors
1682 742 1776 770 inter-

248 787 349 830 fictis.
393 787 438 819 A.
460 787 591 819 Baebius
611 800 685 818 unus
707 795 747 818 est
770 787 942 826 damnatus,
964 788 1043 830 quod
1064 789 1173 819 milites
1201 788 1358 820 Romanos
1378 789 1559 830 praebuisset
1577 789 1622 820 acl
1642 793 1776 822 ministe-

251 830 331 870 riumv
352 838 463 870 caedis.
508 839 544 868 In
566 838 681 877 codice,
703 850 794 880 quem
816 840 949 880 pressius
971 841 1068 878 secuti
1089 850 1203 878 sumus,
1225 847 1289 869 utre
1301 839 1427 882 fecisset
1457 848 1488 870 et
1509 843 1667 883 accepisset
1695 843 1776 886 legi-

249 898 310 930 tur,
332 902 410 931 quae
432 890 591 931 Grynaeus
612 897 736 927 temere,
759 897 793 920 ut
815 891 934 931 opinor,
955 892 988 920 in
1009 893 1070 921 utri
1082 890 1230 934 fecissent
1252 898 1283 920 et
1305 892 1483 932 accepissent
1505 894 1646 924 mutavit.

335 943 425 973 nimis
453 941 554 973 soluta
584 941 733 982 custodia]
785 941 977 973 Vocabulum
1011 943 1102 982 cuius,
1137 943 1187 973 cui
1223 941 1297 972 olim
1327 943 1540 973 substitueram
1574 938 1663 984 enin‘s,
1693 949 1776 988 quod

248 994 595 1037 Baumgarten—Crusius
617 1004 657 1024 ex
679 993 820 1033 sequenti
841 993 976 1023 custodia
998 1001 1098 1024 ortum
1120 1005 1185 1025 esse
1208 993 1402 1031 existimavit,
1425 994 1485 1024 iam
1514 995 1548 1024 in
1577 997 1695 1028 minore
1716 999 1773 1029 Li-

248 1047 294 1078 vii
316 1046 449 1077 editione
470 1045 590 1076 induxi.
634 1044 779 1075 Similiter
802 1044 882 1074 enim
904 1043 1044 1076 librarius
1065 1045 1136 1075 Liv.
1158 1044 1258 1083 XLII,
1280 1046 1333 1074 26.
1347 1044 1522 1086 rebusponso
1543 1057 1600 1088 pro
1623 1060 1772 1090 responso,

249 1105 281 1129 et
301 1109 369 1139 cap.
392 1100 446 1128 29.
470 1098 597 1139 equitum
619 1103 749 1126 eventum
770 1107 827 1137 pro
849 1103 1035 1138 mniumque
1055 1097 1185 1137 scripsit.

336 1148 395 1178 diei
415 1150 470 1177 iter
493 1149 544 1187 cst]
589 1147 658 1177 Pari
678 1147 770 1177 modo
792 1147 865 1177 Liv.
888 1147 1004 1186 XLIV,
1029 1150 1058 1177 1.
1081 1148 1197 1177 mediae
1220 1147 1349 1176 orationi
1370 1146 1588 1187 interponitur:
1610 1149 1669 1179 diei
1688 1153 1774 1182 unius

248 1199 387 1242 expedito
409 1201 465 1230 iter
486 1206 538 1230 esi.
584 1197 677 1238 Quod
699 1210 792 1240 quum
815 1198 943 1229 totidem
963 1197 1059 1229 literis
1081 1199 1114 1229 in
1129 1198 1205 1241 ·cod.
1226 1197 1361 1229 Vindob.
1383 1198 1529 1239 scriptum
1550 1207 1666 1240 exstet,
1689 1202 1772 1244 Gry.

249 1263 356 1283 naeum
379 1252 458 1282 illud
478 1258 592 1281 temere
613 1251 646 1280 in
669 1249 728 1279 diei
748 1251 834 1279 unius
855 1249 994 1291 expedito
1016 1251 1119 1279 itiner-c
1139 1257 1279 1287 mutasse,
1303 1248 1374 1279 licet
1401 1249 1470 1280 Liv.
1500 1250 1600 1281 XLII.
1633 1255 1685 1282 55.
1716 1256 1772 1284 im·

247 1302 429 1345 cst-perlitum,
453 1308 483 1333 et
504 1301 620 1343 XLIV,
645 1299 696 1330 43.
717 1301 767 1330 via
789 1299 932 1341 expedita
953 1300 1088 1343 legatur,
1116 1301 1187 1339 satis
1216 1300 1318 1330 mirari
1347 1309 1410 1329 non
1439 1310 1574 1341 possum.
1618 1302 1668 1332 Sic
1696 1303 1769 1336 Liv.

205 1376 211 1383 .
246 1355 304 1394 IX,
328 1357 360 1385 9.
386 1352 495 1384 Tridui
515 1354 571 1383 iter
599 1350 746 1393 ear-peditis
773 1358 851 1395 etjat.
901 1352 1010 1393 Neque
1041 1353 1140 1383 minus
1169 1359 1249 1382 certa
1276 1357 1322 1381 est
1351 1361 1384 1380 ac
1415 1351 1571 1383 manifesta
1600 1355 1770 1386 emendatio

246 1406 308 1439 loci
328 1406 403 1436 Liv.
432 1405 585 1442 XXXIII,
616 1406 666 1437 19.
696 1403 749 1433 ubi
778 1403 810 1432 in
838 1402 906 1433 cod.
935 1404 1041 1434 Bamb.
1072 1414 1135 1433 non
1162 1402 1337 1445 vulgatum·
1366 1402 1469 1443 quibus
1486 1401 1575 1445 fiaga
1605 1405 1771 1446 expeditior

238 1458 320 1502 fiat,
342 1464 378 1489 ut
400 1456 562 1488 Goellerus
584 1456 659 1487 falso
681 1454 831 1497 perhibet,
853 1453 908 1485 sed
929 1455 1031 1498 quibus
1044 1454 1108 1498 fue,
1094 1467 1131 1485 “a
1144 1456 1176 1485 in
1198 1453 1335 1497 expedito
1348 1452 1597 1497 fui1,scriptum
1612 1458 1771 1498 reperitur,

247 1510 331 1551 quod
358 1508 405 1539 illi
437 1510 543 1548 utique
580 1506 813 1549 praeferendum
844 1513 899 1536 est.
951 1507 1002 1538 Sic
1035 1507 1108 1538 Liv.
1142 1506 1297 1544 XXXVI,
1336 1508 1388 1536 16.
1426 1507 1457 1536 in
1491 1506 1629 1548 expedito
1663 1508 1771 1540 habere

246 1562 370 1594 leo’tur.

278 1573 309 1605 σι
332 1611 456 1652 vagari]
500 1610 544 1641 Ut
562 1609 621 1640 hoc
643 1609 712 1640 loco
734 1611 843 1639 vacari
864 1619 920 1651 pro
940 1610 1060 1649 vagari,
1082 1609 1124 1638 ita
1145 1609 1215 1639 Liv.
1240 1609 1338 1647 XLII,
1363 1611 1415 1639 19.
1438 1616 1596 1639 vacaretur
1611 1610 1683 1650 *pro
1710 1622 1766 1642 va-

244 1672 368 1705 garetur
389 1663 422 1693 in
444 1661 549 1692 codice
573 1667 680 1697 exstat,
703 1660 836 1691 sollenni
857 1660 1045 1691 librariorum
1068 1670 1179 1689 errore.
1225 1659 1336 1689 Contra
1361 1658 1432 1688 Liv.
1458 1659 1595 1696 XXVII,
1627 1663 1676 1692 16.
1705 1672 1767 1692 non

245 1727 349 1757 vagus,
372 1714 426 1745 sed
446 1724 555 1743 vacuus
575 1711 682 1754 paullo
702 1719 770 1753 pos-t
791 1723 879 1753 equus
906 1723 1010 1741 errans
1036 1723 1090 1752 per
1117 1710 1218 1739 urbem
1245 1710 1388 1750 cognitus,
1417 1709 1610 1740 scribendum
1634 1722 1710 1750 esse,
1735 1713 1769 1744 in

247 1766 366 1798 Comm.
389 1765 427 1796 de
449 1764 586 1799 Sallustii
607 1764 689 1795 Hist.
710 1763 781 1794 Lib.
805 1763 858 1793 llI.
880 1763 1068 1805 Fragmentis
1088 1761 1167 1792 Part
1189 1760 1229 1790 II.
1253 1772 1285 1801 p.
1308 1759 1361 1790 40.
1395 1760 1496 1798 docui,
1517 1761 1658 1802 idemque
1679 1764 1769 1794 Doe-

246 1818 401 1856 derlinus,
421 1816 455 1847 id
476 1805 558 1857 quod
579 1822 686 1856 postea
706 1814 857 1852 intellexi,
886 1815 1010 1845 biennio
1038 1820 1107 1845 ante
1134 1814 1166 1843 in
1194 1812 1363 1852 Synonym.
1393 1811 1458 1842 Lat.
1488 1811 1567 1842 Part.
1597 1812 1621 1842 Ι.
1651 1825 1685 1855 p,
1716 1817 1768 1846 95,

247 1870 364 1909 eodem
376 1868 467 1910 plane
489 1867 580 1898 modo
603 1866 832 1898 demonstravit.

330 1931 445 1962 passus
455 1919 535 1959 esset]
579 1918 652 1948 Ita
644 1929 703 1947 iam
726 1916 901 1949 Gronovius
922 1904 1085 1947 lectionem
1110 1926 1215 1956 passus
1244 1922 1285 1943 cst
1311 1915 1343 1944 in
1372 1913 1478 1944 codiee
1508 1922 1659 1957 repertam
1686 1925 1768 1949 recte

246 1971 430 2014 emendavit.
497 1969 627 2000 Librarii
659 1969 741 1999 enim
773 1970 868 1999 verba
900 1975 942 1998 est
974 1974 1004 1997 et
1036 1973 1105 1997 esset
1137 1965 1210 1995 alibi
1249 1976 1370 2006 quoque
1404 1973 1626 2007 permutarunt.
1692 1968 1766 2000 Vid,

245 2012 476 2057 Drakenborch.
499 2022 537 2052 ad
557 2021 628 2051 Liv.
650 2020 755 2058 xxu,
779 2021 832 2058 36,
855 2019 887 2051 4.
910 2019 1007 2050 Aliter
1029 2019 1062 2048 in
1083 2018 1143 2047 hoc
1164 2016 1313 2047 vocabulo
1343 2018 1486 2057 peccavit
1515 2016 1686 2057 Goellerus,
1715 2021 1768 2061 qui

244 2077 318 2108 Liv.
345 2073 499 2111 XXXIII,
527 2072 580 2103 43.
610 2082 666 2113 pro
695 2070 815 2105 adiutor·
846 2069 960 2101 consuli
987 2068 1076 2099 datur
1104 2069 1137 2098 in
1166 2068 1232 2098 cod.
1255 2068 1360 2098 Bamb.
1390 2067 1511 2099 adiutor
1533 2067 1635 2106 consul
1656 2068 1765 2108 ‹lanu-t,

246 2127 306 2159 sibi
323 2126 472 2169 reperisse
492 2124 579 2156 visus
602 2130 663 2163 est,
693 2122 732 2154 de
754 2132 813 2163 qua
843 2120 995 2153 scribendi
1023 2120 1138 2150 ratione
1168 2118 1205 2150 cf.
1233 2119 1383 2150 Niebuhr.
1402 2119 1458 2191 4³¹1
1484 2119 1637 2152 Ciceronis
1669 2120 1765 2152 Oratt.
