2075 2504
282 193 327 226 28

286 277 467 311 Carolus
490 276 749 310 Volkmarus
773 276 897 319 Stoy‚
921 273 1154 317 Pegaviensis,
1171 271 1395 306 Hesiodeum:
1414 265 1577 314 Ὄλβιος,
1599 266 1706 304 ὅντινα
1722 271 1817 305 Μοῦ-

373 337 435 359 σαι
463 326 652 371 φιλεῦνται·
675 323 830 372 γλυκεξή
857 322 883 358 οἱ
908 321 981 357 αἰπδ
1004 321 1180 368 στόματος
1202 319 1266 370 ῥέει
1289 314 1398 363 αὐδή,
1428 323 1574 357 carmine
1599 323 1733 357 Graeco
1757 336 1818 357 eo-

374 392 440 424 que
463 378 615 424 elegiaco
641 387 792 424 exponet
814 386 846 410 et
869 378 1084 410 vernaculam
1106 375 1176 409 eius
1199 373 1449 408 translationem
1471 374 1644 420 subiunge⁰

281 453 537 488 Fridericus
569 452 825 488 Guilielmus
857 450 927 486 Tit
937 459 1074 484 tmann
1087 476 1095 490 ‚
1124 448 1347 483 Doebelensis
1359 475 1368 489 ‚
1398 448 1555 483 Schilleri
1589 461 1743 484 versum:
1774 450 1818 482 In

370 507 487 539 seinen
512 507 654 539 Gb'ttern
677 505 781 537 malet
804 503 876 536 sich
900 503 962 535 der
984 501 1130 543 DIensch
1137 526 1149 543 ,
1176 499 1323 535 carmine
1353 502 1539 536 vernaculo
1561 500 1753 548 explicabit.

285 580 405 615 Guili
416 582 548 613 elmus
580 580 616 613 M
626 579 693 613 ich
703 580 770 612 ael
808 578 829 612 S
840 577 1077 617 chaffraffi,
1120 576 1341 611 Schoenensis
1351 603 1360 618 ‚
1403 577 1566 612 Martialis
1595 577 1699 612 illud:
1742 579 1820 611 Sint

369 633 594 665 Maecenates
602 656 615 673 ,
645 642 716 663 non
737 630 900 671 deerunt,
923 630 1048 661 Flacce
1053 653 1067 670 ,
1097 630 1284 670 Marones,
1319 629 1467 664 carmine
1487 629 1609 664 Latino
1631 642 1743 675 eoque
1762 631 1818 675 ly-

368 683 443 717 rico
465 690 695 728 persequetur.

282 756 528 791 Fri-doricus
551 754 780 789 Mauritius
803 744 1029 788 oswaldus
1051 754 1348 801 Baumgarten‚
1371 755 1654 798 Arnsdorfiensis,
1681 757 1819 803 Tiedgii

368 807 582 842 sententiam:
610 808 687 838 Gott
708 806 840 849 spricht
864 805 976 837 durch
994 807 1087 837 scine
1104 801 1211 846 Welt,
1237 806 1299 838 der
1312 808 1459 839 Mens-ch
1477 808 1590 839 durch
1605 809 1698 840 scine
1712 809 1816 849 Thur,

370 857 516 892 carmine
538 857 721 889 vernaculo
751 855 1034 900 interpretabitur.

283 932 549 967 Christianus
579 930 750 964 Ludovi
760 944 832 964 cus
861 930 930 964 Wi
940 932 951 963 l
962 929 996 963 is
1006 930 1073 970 ch,
1105 928 1297 976 Haynensis
1307 958 1315 972 ,
1345 945 1412 978 qua
1434 934 1565 969 ratione
1588 935 1689 969 animi
1710 948 1816 982 gene-

366 983 486 1018 rositas
507 981 605 1016 factis
627 981 670 1015 sit
691 982 868 1027 probanda
875 1007 883 1022 ‚
907 980 1060 1014 oratione
1082 979 1200 1014 Latina
1223 982 1474 1019 demonstrabit.

368 1059 448 1102 Quo
472 1057 595 1092 certius
619 1065 727 1091 autem
749 1070 934 1103 speramus,
957 1057 1026 1091 imo
1050 1056 1265 1099 confidimus,
1288 1059 1381 1094 urbis
1396 1060 1535 1112 agrique
1549 1062 1748 1100 Misenensis
1762 1063 1815 1098 in-

282 1111 390 1151 colas,
414 1109 472 1155 qui
493 1109 607 1150 nobis,
630 1109 666 1142 id
689 1110 782 1155 quod
804 1110 965 1143 habemus
987 1108 1292 1154 persuasissimum,
1315 1111 1504 1157 nostrisque
1525 1116 1625 1148 rebus
1647 1116 1733 1149 bene
1756 1106 1816 1150 cu-

280 1161 391 1207 piunt,
421 1174 510 1194 nunc
541 1173 676 1206 quoque
708 1172 773 1205 pro
798 1173 855 1200 ea,
887 1173 987 1205 quam
1010 1173 1111 1205 saepe
1135 1159 1215 1193 alias
1239 1161 1372 1207 experti
1393 1175 1522 1204 sumus,
1553 1166 1754 1201 humanitate
1776 1180 1816 1202 ac

279 1210 515 1245 benevolentia
544 1212 737 1257 frequentes
761 1211 954 1252 adfuturos,
986 1220 1018 1245 et
1052 1211 1313 1246 adolescentium
1335 1212 1470 1248 illorum
1492 1215 1581 1257 inter,
1601 1231 1674 1252 sese
1698 1232 1814 1254 aemu-

278 1265 418 1297 lantium
446 1263 554 1297 studia
582 1272 787 1308 conatusque
816 1263 1005 1308 praesentia
1037 1276 1096 1296 sua
1127 1271 1226 1308 atque
1247 1264 1423 1299 'audientia
1453 1267 1625 1304 adiuturos
1649 1283 1739 1311 esse,
1769 1283 1812 1306 eo

279 1314 446 1348 lubentius
474 1314 509 1347 in
538 1322 630 1348 tanto
661 1313 814 1348 virorum
846 1314 1157 1349 honestissimorum
1187 1324 1356 1350 conventu
1385 1329 1454 1352 non
1474 1317 1592 1354 'solum
1619 1334 1727 1356 annua
1756 1321 1815 1357 illa

278 1366 445 1412 praemia,
469 1379 554 1411 quae
577 1365 700 1412 insigni
722 1365 805 1399 Afr
814 1377 1008 1407 anorum,
1033 1379 1118 1412 quos
1140 1375 1280 1407 vocant,
1303 1367 1502 1403 liberalitate
1531 1371 1611 1405 olim
1634 1380 1708 1406 sunt
1730 1386 1814 1408 con-

277 1418 404 1459 stituta,
434 1418 475 1451 iis
505 1417 708 1462 disciplinae.
730 1426 864 1451 nostrae
888 1417 1028 1450 alumnis
1049 1418 1250 1457 tribuemus,
1277 1418 1334 1463 qui
1357 1427 1389 1452 et
1410 1420 1672 1456 commilitonum
1691 1424 1814 1458 suffra-

278 1468 358 1514 giis,
383 1477 415 1502 et
437 1468 674 1514 magistrorum
697 1468 868 1502 sententiis
892 1469 958 1501 hoc
981 1469 1113 1502 honore
1137 1467 1230 1513 digni
1252 1478 1328 1504 sunt
1348 1469 1503 1512 iudicati,
1527 1473 1587 1506 sed
1609 1473 1708 1508 etiam
1731 1476 1813 1510 Sil-

278 1522 402 1553 vulas
438 1520 643 1559 Afranas,
675 1532 759 1565 quas
783 1520 824 1552 ab
847 1518 1021 1552 inhonesta
1044 1520 1100 1552 vel
1123 1519 1289 1564 gloriolae
1311 1522 1368 1555 vel
1392 1522 1505 1556 lucelli
1527 1524 1707 1570 cupiditate
1730 1527 1813 1561 alie-

277 1571 416 1612 nissimi,
437 1580 473 1605 ut
495 1579 527 1605 et
545 1570 716 1617 publicum
739 1578 888 1604 exstaret
911 1578 1044 1604 nostrae
1067 1582 1149 1616 erga
1167 1571 1255 1606 hanc
1268 1571 1426 1607 Scholam
1446 1573 1599 1610 caritatis.
1613 1590 1813 1618 monumen-

276 1632 362 1665 tum,
386 1632 420 1657 et
442 1625 651 1657 alumnorum
673 1622 885 1656 Afranorum
908 1622 1009 1655 animi
1031 1622 1073 1655 ad
1096 1620 1268 1656 adsiduam
1291 1636 1329 1658 ac
1351 1633 1519 1660 strenuam
1540 1618 1685 1674 poeseos
1717 1630 1812 1666 Lati-

278 1687 356 1716 nae,
381 1674 568 1720 aequalium
590 1683 783 1709 nostrorum
804 1673 1048 1708 obtrectatione
1071 1682 1103 1707 et
1124 1674 1363 1709 malevolentia
1385 1675 1421 1709 in
1436 1671 1666 1725 contemptum
1683 1682 1810 1719 adduc-

277 1734 347 1767 tae,
373 1725 606 1760 tractationem
636 1725 863 1771 praemiorum
895 1725 1073 1758 dulcedine
1102 1725 1356 1770 pellicerentusr,
1384 1740 1471 1762 nunc
1498 1728 1608 1775 ipsum
1634 1733 1810 1776 edidimus,

276 1776 414 1810 Divae
443 1778 597 1816 Afrae,
628 1775 749 1809 artium
777 1775 978 1820 optimarum
1006 1774 1126 1809 nutrici
1158 1775 1412 1821 benignissimae
1435 1788 1467 1813 et
1496 1783 1737 1820 conservatrici
1763 1786 1810 1820 fi-

277 1827 481 1868 delissimae,
515 1828 590 1874 ipso
613 1827 712 1861 huius
735 1826 880 1861 scholae
904 1825 958 1860 die
981 1827 1098 1867 natali,
1122 1836 1222 1872 quem·
1244 1828 1359 1863 faustis
1382 1843 1516 1877 semper
1538 1833 1694 1880 auspiciis
1715 1839 1809 1872 redi-

275 1887 388 1913 turum
411 1892 483 1912 esse
505 1880 583 1913 laeti
606 1891 826 1925 auguramur,
850 1878 981 1912 donarii
1003 1879 1109 1912 instar
1131 1880 1411 1915 consecrabimus.

363 1954 437 1989 Sor.
459 1953 494 1987 in
516 1953 638 1988 Schola
661 1952 769 1999 Regia
790 1952 925 1986 Afrana
945 1951 1027 1997 ipsis
1050 1952 1206 1987 Calendis
1229 1954 1433 1999 Quintilibus
1455 1951 1713 1996 cxbmcccxxxn,

877 2087 1206 2101 ψ
