2075 2504
1742 261 1783 296 19

261 346 398 377 montani
419 345 586 388 appellant.
631 347 678 377 Ibi
706 347 786 377 enim
813 346 922 377 Livius
953 347 1018 389 iugi
1047 346 1155 388 Alpini
1181 358 1293 378 nomen
1324 348 1527 389 explicaturus
1557 357 1630 381 erat.
1687 350 1784 380 Sicuti

260 404 359 429 autem
382 397 432 428 hic
453 406 593 429 veterum
616 398 839 441 orthographia,
862 399 899 429 de
922 409 982 439 qua
1002 406 1123 440 praeter
1143 396 1216 429 Liv.
1240 400 1353 437 XLIII,
1378 402 1429 430 13.
1453 402 1505 430 ubi
1525 402 1637 442 pariter
1667 402 1784 432 anticus

260 460 316 491 pro
338 451 477 491 antiquus
496 451 530 480 in
554 450 621 480 cod.
644 451 780 481 Vindob.
805 451 950 491 scriptum
973 457 1027 488 est,
1050 450 1116 480 vid.
1140 451 1321 491 interpretes
1349 451 1387 481 ad
1418 451 1572 482 Ciceronis
1600 452 1783 483 Orationum

259 502 439 542 Fragmenta
461 501 575 531 inedita
596 513 627 542 p.
654 504 704 531 13.
728 501 776 532 ed.
800 502 899 532 Beier.
923 501 1096 540 Grynaeum
1121 508 1152 532 et
1172 501 1347 532 Bekkerum
1369 503 1401 532 in
1425 513 1556 535 errorem
1584 503 1713 541 induxit,
1740 505 1782 534 ita

259 551 364 581 eadem
387 552 499 590 effecit,
521 559 556 582 ut
576 552 649 582 Liv.
673 552 826 589 XXXIII,
849 555 903 582 23.
927 562 984 592 pro
1006 560 1169 592 exemptos,
1192 552 1275 592 quod
1298 553 1365 582 cod.
1389 554 1496 583 Bamb.
1521 553 1621 590 offert,
1651 554 1683 582 in
1711 555 1781 585 cod.

258 602 345 644 Mog.
370 611 518 644 acceptos,
543 610 573 632 et
595 614 660 644 cap.
685 607 738 633 29.
761 613 817 644 pro
839 603 1000 644 inter-cepti,
1023 603 1105 643 quod
1128 603 1195 632 cod.
1219 603 1305 644 Mog.
1330 604 1487 641 offerebat,
1510 605 1550 635 *in
1578 604 1658 633 cod.v
1675 605 1781 636 Bamb-

258 654 424 695 interempti
444 655 635 685 scriberetur.
679 655 780 694 Atque
803 653 882 683 illud
904 654 1026 693 quidem
1049 654 1120 684 coll.
1142 654 1214 683 Liv.
1240 655 1396 691 XXXIV,
1420 658 1471 684 52.
1489 662 1519 684 et
1538 653 1709 691 XXXVII,
1728 658 1782 686 ⁵6.

257 703 340 734 haud
361 705 453 735 dubie
476 705 716 746 praeferendum,
745 712 886 745 totusque
908 704 995 734 locus
1017 715 1057 735 ex
1085 705 1200 742 codice,
1228 706 1260 734 in
1292 716 1353 745 quo
1383 716 1445 735 non
1473 705 1632 747 vulgatum
1660 718 1691 735 se
1712 719 1782 744 csse,

258 762 292 785 ut
308 755 469 786 Goellerus
488 756 640 797 perhibet,
662 756 715 786 sed
738 767 797 785 sese
816 754 936 797 legitur,
958 755 1001 784 ita
1023 756 1228 785 emendandus
1251 756 1388 787 videtur:
1416 757 1537 797 gratias
1559 764 1677 797 agentes
1700 769 1786 788 com-

258 815 519 848 memorantesque,
550 807 699 836 obsidione
727 819 786 836 sese
817 807 855 836 ab
884 817 917 835 co
945 805 1106 842 liberatos,
1140 805 1272 846 plerique
1297 808 1403 845 etiam,
1434 819 1478 838 sc.
1508 817 1785 847 commemorantes,

259 869 349 899 quum
371 857 453 899 apud
474 857 568 887 hostes
592 865 697 895 essent,
725 859 860 887 servitute
887 864 1057 897 est-emptos5
1086 856 1144 889 hoc
1174 863 1284 894 autem,
1315 858 1396 896 quod
1425 869 1441 886 a
1471 858 1615 888 Goellero
1646 867 1784 900 praeter..

258 909 384 940 missum
407 921 482 948 esse,
505 909 542 939 ad
556 908 693 940 Sallustii
711 910 794 940 Hist.
817 910 886 939 Lib.
901 908 955 939 111.
980 909 1159 950 Fragmenta
1182 919 1221 938 ex
1243 908 1311 939 cod.
1334 909 1405 939 Vat.
1431 910 1467 939 ab
1491 910 1573 950 Aug.
1596 910 1680 940 Maio
1704 911 1784 942 edita

259 971 290 1000 p.
309 963 363 990 37.
387 961 502 996 monui,
525 971 587 989 non
609 960 802 999 praetulerim
824 959 961 1000 vulgato,
984 959 1066 997 quod
1088 966 1119 987 et
1141 959 1211 987 huic
1234 958 1303 993 loco
1326 960 1420 998 magis
1443 961 1704 990 accommodatum
1728 969 1784 999 est,

260 1017 291 1040 et
313 1009 427 1052 optime
449 1010 613 1052 respondet
634 1007 1002 1052 praecedentibuszxalios
1023 1009 1054 1037 in
1075 1007 1218 1049 hospitiis,
1243 1007 1321 1039 alios
1341 1020 1433 1049 vagos
1460 1022 1514 1050 per
1541 1009 1668 1040 hiberna
1695 1011 1783 1042 mili-

260 1069 319 1099 tes,
343 1062 386 1092 atl
406 1063 507 1092 varios
529 1069 725 1091 commeantes
746 1073 833 1097 usus,
856 1059 1056 1100 excipiebant.
1110 1059 1239 1089 Accedit
1267 1060 1354 1089 locus
1382 1062 1512 1091 maxime
1541 1063 1680 1101 geminus
1709 1063 1781 1093 Liv.

259 1114 383 1150 XXIX,
407 1116 437 1143 9.
458 1120 520 1142 tum
542 1113 648 1153 ipsum,
672 1112 711 1141 ab
739 1113 798 1141 suis
826 1112 1017 1151 interceptum
1047 1117 1073 1139 ei
1101 1108 1257 1147 seclusum,
1286 1109 1433 1140 hostiliter
1461 1110 1608 1148 lacer-ant,
1637 1120 1663 1141 et
1689 1125 1783 1155 prope

259 1175 452 1204 ear-sanguem,
474 1174 548 1192 naso
563 1162 739 1204 auribusque
760 1161 916 1198 mutilatis,
940 1159 1117 1201 relinquunt.

338 1214 481 1257 fontibus
500 1215 624 1255 rivisque
647 1215 730 1243 circa
748 1213 924 1253 amoenum]
967 1212 1038 1247 Non
1061 1218 1132 1249 erat,
1156 1212 1276 1252 opinor,
1300 1223 1353 1242 cur
1374 1212 1447 1243 Ant.
1470 1212 1647 1245 Perizonius
1677 1227 1782 1246 amoe-

260 1268 306 1295 nis
326 1266 519 1296 scribendum
547 1276 612 1294 esse
634 1265 808 1295 conficeret.
861 1265 982 1293 Etenim
1012 1264 1118 1293 lustin.
1149 1263 1332 1300 XXXVIII,
1361 1266 1392 1293 7.
1425 1263 1515 1293 Asiae
1542 1264 1630 1294 coelo
1659 1265 1781 1296 nullum

259 1316 376 1347 urbium
401 1314 588 1345 multitudine
616 1315 768 1345 amoenius
795 1317 860 1345 esse
889 1314 1015 1352 dicitur,
1048 1320 1078 1344 et
1107 1313 1257 1352 Quinctil.
1293 1314 1392 1345 Instit.
1428 1313 1513 1344 Orat.
1544 1314 1616 1354 XII,
1647 1318 1699 1354 10,
1729 1319 1781 1352 60.

260 1369 377 1399 medius
399 1367 521 1398 dicendi
543 1367 650 1397 modus
672 1367 881 1407 egressionibus
901 1378 1042 1396 amoenus
1060 1372 1197 1395 vocatur.

348 1417 474 1454 navalia
489 1429 667 1458 magnorum
686 1417 916 1459 imperatorum]
940 1416 1123 1454 Crevierius,
1144 1426 1255 1446 vocem
1276 1423 1477 1454 monumenta,
1500 1415 1553 1447 vel
1567 1416 1708 1457 similem,
1731 1417 1783 1450 hic

261 1471 410 1502 excidisse
432 1477 530 1508 ratus,
554 1471 684 1501 scribere
707 1477 737 1500 et
759 1460 943 1511 distinguere
966 1468 1089 1498 maluit:
1113 1466 1250 1504 navalia,
1276 1479 1456 1508 magnorum
1477 1469 1692 1509 imperator-um
1713 1482 1783 1500 mo-

260 1530 410 1559 numenta,
430 1520 597 1551 simulacra
614 1521 735 1551 deorum
756 1521 974 1562 hominumque.
1032 1519 1125 1557 Quod
1146 1519 1327 1549 refutaturus
1349 1520 1534 1560 Doeringius
1555 1527 1636 1550 recte
1659 1522 1782 1561 quidem

260 1575 369 1605 verba:
390 1571 514 1601 navalia
538 1583 716 1611 magnorum
737 1572 963 1612 imperatorum,
982 1571 1024 1600 ita
1047 1569 1231 1610 explicavit:
1261 1568 1412 1607 „navalia,
1435 1570 1488 1598 ubi
1515 1571 1618 1611 magni
1647 1572 1781 1611 impera-

260 1633 342 1656 tores
363 1635 457 1655 naves
480 1622 676 1653 exstruendas
698 1628 839 1651 curarunt
848 1623 878 1659 ;“
900 1621 955 1651 sed
977 1631 1124 1661 perquam
1146 1620 1251 1660 inepte
1272 1626 1302 1649 et
1323 1619 1450 1649 ridicule
1473 1620 1604 1650 addidit:
1628 1632 1707 1658 „nec
1725 1633 1779 1662 ap-

261 1684 357 1720 paret,
380 1682 456 1718 quae
478 1674 589 1705 fuerint
610 1680 800 1704 monumenta
829 1670 991 1703 navalia.“
1042 1672 1090 1703 De
1119 1671 1166 1703 his
1198 1671 1278 1701 enim
1307 1669 1480 1702 Crevierius
1509 1682 1548 1701 ne
1577 1673 1781 1704 somniaverat

262 1729 396 1770 quidem.
439 1727 569 1757 Rectius
591 1726 720 1756 lectores
746 1726 786 1756 ad
815 1725 1024 1766 praecedentia
1050 1723 1231 1759 remisisset,
1264 1722 1318 1751 ubi
1346 1721 1454 1752 Livius
1475 1722 1615 1753 similiter
1636 1723 1779 1754 Aulidem

262 1779 428 1821 appellavit
453 1784 571 1818 portum
601 1775 746 1805 inclutum
774 1777 900 1804 statione
929 1774 1080 1816 quondam
1110 1771 1194 1801 mille
1224 1772 1343 1800 navium
1372 1771 1635 1811 Agamemnoniae
1662 1772 1780 1805 classis.

262 1830 369 1863 Paullo
392 1836 460 1860 ante
482 1839 543 1859 non
567 1826 703 1865 Pinum,
726 1827 780 1859 sed
803 1826 955 1858 Piraeeum
977 1825 1170 1858 scribendum
1193 1836 1275 1862 esse,
1296 1823 1356 1854 iam
1377 1823 1517 1865 Sigonius
1538 1823 1626 1854 vidit.

350 1890 377 1911 et
398 1881 543 1910 materiae
563 1886 591 1907 et
613 1879 739 1917 artium]
761 1879 905 1908 Dukerus
926 1878 1000 1906 haec
1023 1877 1194 1905 adnotavit:
1218 1875 1309 1911 „Liv.
1332 1875 1437 1910 XXV,
1459 1874 1512 1903 40.
1538 1873 1782 1916 Graecarumque

234 1945 241 1950 ‘
264 1933 397 1975 „anim
419 1941 528 1973 opera,
551 1928 589 1959 de
611 1928 704 1971 signis
726 1938 760 1958 ac
783 1927 893 1960 tabulis
914 1926 1013 1970 pictis.
1059 1924 1158 1955 Credo
1180 1931 1298 1963 tamen,
1321 1933 1415 1965 quum
1437 1923 1476 1954 de
1498 1922 1546 1956 his
1568 1925 1667 1956 rebus
1680 1935 1778 1957 sermo

263 1993 341 2027 ,·,est,
363 1984 483 2025 saepius
504 1983 665 2013 materiam
687 1988 714 2011 et
736 1987 842 2018 artem,
865 1992 956 2020 quam
969 1979 1126 2009 materiam
1149 1985 1177 2007 et
1198 1985 1287 2014 artes,
1310 1976 1401 2007 d1c1“
1445 1976 1532 2008 Nihil
1553 1978 1693 2018 equidem
1707 1989 1778 2008 mu-

263 2037 409 2069 tavei-im,
432 2035 569 2075 quamvis
580 2034 689 2064 Livius
710 2032 776 2073 ipse
795 2031 828 2061 in
845 2031 914 2062 Lib,
938 2030 1020 2062 XCI.
1038 2031 1218 2070 Fragmento
1236 2028 1409 2069 scripserit.
1433 2040 1524 2070 neque
1545 2030 1673 2058 materia
1696 2037 1776 2059 am,

254 2089 384 2131 ficibus,
411 2087 607 2128 praeparatis
629 2091 698 2115 ante
726 2082 860 2113 omnibus
884 2083 976 2113 enixo
998 2081 1159 2112 civitatium
1185 2079 1298 2117 studio,
1328 2091 1382 2110 nec
1402 2091 1455 2110 suo
1477 2081 1595 2121 quisque
1617 2080 1701 2120 operi
1720 2092 1778 2111 ar-

261 2140 345 2182 tifex
368 2139 1391 2203 deera1.3
1414 2169 1437 2191 43
