<?xml version="1.0" encoding="UTF-8"?>
<!DOCTYPE html PUBLIC "-//W3C//DTD XHTML 1.0 Transitional//EN"
    "http://www.w3.org/TR/xhtml1/DTD/xhtml1-transitional.dtd">
<html xmlns="http://www.w3.org/1999/xhtml" xml:lang="en" lang="en">
 <head>
  <title>
</title>
<meta http-equiv="Content-Type" content="text/html;charset=utf-8" />
  <meta name='ocr-system' content='tesseract 3.04.00' />
  <meta name='ocr-capabilities' content='ocr_page ocr_carea ocr_par ocr_line ocrx_word'/>
</head>
<body>
  <div class='ocr_page' id='page_1' title='image "./4626144_0011.png"; bbox 0 0 2075 2504; ppageno 0'>
   <div class='ocr_carea' id='block_1_1' title="bbox 1811 243 1830 272">
    <p class='ocr_par' dir='ltr' id='par_1_1' title="bbox 1811 243 1830 272">
     <span class='ocr_line' id='line_1_1' title="bbox 1811 243 1830 272; baseline 0 0"><span class='ocrx_word' id='word_1_1' title='bbox 1811 243 1830 272; x_wconf 79' lang='lat'>5</span> 
     </span>
    </p>
   </div>
   <div class='ocr_carea' id='block_1_2' title="bbox 295 320 1830 877">
    <p class='ocr_par' dir='ltr' id='par_1_2' title="bbox 295 320 1830 877">
     <span class='ocr_line' id='line_1_2' title="bbox 296 320 1827 368; baseline -0.001 -9"><span class='ocrx_word' id='word_1_2' title='bbox 296 332 367 359; x_wconf 84' lang='lat' dir='ltr'><strong>tute</strong></span> <span class='ocrx_word' id='word_1_3' title='bbox 389 332 423 358; x_wconf 85' lang='lat' dir='ltr'><strong>et</strong></span> <span class='ocrx_word' id='word_1_4' title='bbox 442 322 501 358; x_wconf 85' lang='lat' dir='ltr'><strong>rei</strong></span> <span class='ocrx_word' id='word_1_5' title='bbox 514 321 666 356; x_wconf 79' lang='lat' dir='ltr'><strong>militaris</strong></span> <span class='ocrx_word' id='word_1_6' title='bbox 688 320 798 368; x_wconf 78' lang='lat' dir='ltr'><strong>gloria</strong></span> <span class='ocrx_word' id='word_1_7' title='bbox 818 331 888 356; x_wconf 90' lang='lat' dir='ltr'><strong>non</strong></span> <span class='ocrx_word' id='word_1_8' title='bbox 908 320 1123 365; x_wconf 82' lang='lat' dir='ltr'><strong>inferiorem,</strong></span> <span class='ocrx_word' id='word_1_9' title='bbox 1145 334 1234 357; x_wconf 84' lang='lat' dir='ltr'><strong>anno</strong></span> <span class='ocrx_word' id='word_1_10' title='bbox 1256 323 1331 360; x_wconf 80' lang='lat'><strong>587.</strong></span> <span class='ocrx_word' id='word_1_11' title='bbox 1354 336 1383 357; x_wconf 84' lang='lat' dir='ltr'><strong>a.</strong></span> <span class='ocrx_word' id='word_1_12' title='bbox 1405 337 1437 358; x_wconf 92' lang='lat' dir='ltr'><strong>u.</strong></span> <span class='ocrx_word' id='word_1_13' title='bbox 1461 337 1489 358; x_wconf 82' lang='lat' dir='ltr'><strong>c.</strong></span> <span class='ocrx_word' id='word_1_14' title='bbox 1512 325 1585 359; x_wconf 72' lang='lat' dir='ltr'><strong>si‘ve</strong></span> <span class='ocrx_word' id='word_1_15' title='bbox 1609 325 1682 358; x_wconf 73' lang='lat'><strong>16¹7.</strong></span> <span class='ocrx_word' id='word_1_16' title='bbox 1706 337 1735 358; x_wconf 86' lang='lat' dir='ltr'><strong>a.</strong></span> <span class='ocrx_word' id='word_1_17' title='bbox 1750 324 1827 359; x_wconf 88' lang='lat' dir='ltr'>Chr.</span> 
     </span>
     <span class='ocr_line' id='line_1_3' title="bbox 298 372 1830 420; baseline 0 -10"><span class='ocrx_word' id='word_1_18' title='bbox 298 389 330 410; x_wconf 87' lang='lat' dir='ltr'><strong>n.</strong></span> <span class='ocrx_word' id='word_1_19' title='bbox 360 384 463 410; x_wconf 86' lang='lat' dir='ltr'><strong>totam</strong></span> <span class='ocrx_word' id='word_1_20' title='bbox 492 374 565 408; x_wconf 87' lang='lat' dir='ltr'><strong>fere</strong></span> <span class='ocrx_word' id='word_1_21' title='bbox 595 372 773 408; x_wconf 80' lang='lat' dir='ltr'><strong>Graeciam</strong></span> <span class='ocrx_word' id='word_1_22' title='bbox 803 377 1055 420; x_wconf 72' lang='lat' dir='ltr'><strong>peragrasse&#39;),</strong></span> <span class='ocrx_word' id='word_1_23' title='bbox 1087 382 1241 409; x_wconf 83' lang='lat' dir='ltr'><strong>accurate</strong></span> <span class='ocrx_word' id='word_1_24' title='bbox 1264 376 1449 416; x_wconf 83' lang='lat' dir='ltr'><strong>enarravit,</strong></span> <span class='ocrx_word' id='word_1_25' title='bbox 1473 376 1514 409; x_wconf 92' lang='lat' dir='ltr'><strong>ad</strong></span> <span class='ocrx_word' id='word_1_26' title='bbox 1537 375 1663 411; x_wconf 81' lang='lat' dir='ltr'><strong>codicis</strong></span> <span class='ocrx_word' id='word_1_27' title='bbox 1683 375 1775 410; x_wconf 90' lang='lat' dir='ltr'><strong>unici</strong></span> <span class='ocrx_word' id='word_1_28' title='bbox 1796 383 1830 410; x_wconf 88' lang='lat' dir='ltr'><strong>et</strong></span> 
     </span>
     <span class='ocr_line' id='line_1_4' title="bbox 298 424 1828 473; baseline 0 -12"><span class='ocrx_word' id='word_1_29' title='bbox 298 425 518 472; x_wconf 77' lang='lat' dir='ltr'>antiquissimi</span> <span class='ocrx_word' id='word_1_30' title='bbox 539 437 691 460; x_wconf 86' lang='lat' dir='ltr'><strong>normam</strong></span> <span class='ocrx_word' id='word_1_31' title='bbox 712 424 824 459; x_wconf 83' lang='lat' dir='ltr'><strong>denuo</strong></span> <span class='ocrx_word' id='word_1_32' title='bbox 848 433 1005 460; x_wconf 79' lang='lat' dir='ltr'><strong>exactum</strong></span> <span class='ocrx_word' id='word_1_33' title='bbox 1026 434 1126 471; x_wconf 89' lang='lat' dir='ltr'><strong>atque</strong></span> <span class='ocrx_word' id='word_1_34' title='bbox 1149 426 1358 460; x_wconf 82' lang='lat' dir='ltr'><strong>emendatum</strong></span> <span class='ocrx_word' id='word_1_35' title='bbox 1373 427 1553 473; x_wconf 83' lang='lat' dir='ltr'><strong>descripsi,</strong></span> <span class='ocrx_word' id='word_1_36' title='bbox 1576 437 1624 468; x_wconf 90' lang='lat' dir='ltr'><strong>et,</strong></span> <span class='ocrx_word' id='word_1_37' title='bbox 1646 426 1828 462; x_wconf 88' lang='lat' dir='ltr'><strong>lectionum</strong></span> 
     </span>
     <span class='ocr_line' id='line_1_5' title="bbox 296 475 1828 521; baseline 0 -10"><span class='ocrx_word' id='word_1_38' title='bbox 296 477 493 511; x_wconf 81' lang='lat' dir='ltr'><strong>diversitate</strong></span> <span class='ocrx_word' id='word_1_39' title='bbox 520 475 693 510; x_wconf 85' lang='lat' dir='ltr'><strong>contextui</strong></span> <span class='ocrx_word' id='word_1_40' title='bbox 722 475 882 509; x_wconf 72' lang='lat' dir='ltr'><strong>orationis</strong></span> <span class='ocrx_word' id='word_1_41' title='bbox 915 476 1118 521; x_wconf 75' lang='lat' dir='ltr'><strong>subiecta⁶),</strong></span> <span class='ocrx_word' id='word_1_42' title='bbox 1153 476 1190 509; x_wconf 89' lang='lat' dir='ltr'><strong>in</strong></span> <span class='ocrx_word' id='word_1_43' title='bbox 1218 477 1432 511; x_wconf 83' lang='lat' dir='ltr'><strong>adnotatione</strong></span> <span class='ocrx_word' id='word_1_44' title='bbox 1462 478 1581 512; x_wconf 73' lang='lat' dir='ltr'><strong>critica</strong></span> <span class='ocrx_word' id='word_1_45' title='bbox 1610 477 1828 512; x_wconf 79' lang='lat' dir='ltr'><strong>mutationum</strong></span> 
     </span>
     <span class='ocr_line' id='line_1_6' title="bbox 296 525 1827 575; baseline 0.001 -13"><span class='ocrx_word' id='word_1_46' title='bbox 296 527 445 563; x_wconf 88' lang='lat' dir='ltr'><strong>omnium</strong></span> <span class='ocrx_word' id='word_1_47' title='bbox 466 526 629 561; x_wconf 87' lang='lat' dir='ltr'><strong>rationem</strong></span> <span class='ocrx_word' id='word_1_48' title='bbox 649 527 738 561; x_wconf 88' lang='lat' dir='ltr'><strong>bona</strong></span> <span class='ocrx_word' id='word_1_49' title='bbox 760 526 827 561; x_wconf 89' lang='lat' dir='ltr'><strong>fide</strong></span> <span class='ocrx_word' id='word_1_50' title='bbox 848 525 992 560; x_wconf 71' lang='lat' dir='ltr'><strong>reddidi.</strong></span> <span class='ocrx_word' id='word_1_51' title='bbox 1037 526 1143 562; x_wconf 82' lang='lat' dir='ltr'><strong>Simul</strong></span> <span class='ocrx_word' id='word_1_52' title='bbox 1165 535 1275 561; x_wconf 82' lang='lat' dir='ltr'><strong>autem</strong></span> <span class='ocrx_word' id='word_1_53' title='bbox 1296 528 1363 563; x_wconf 90' lang='lat' dir='ltr'><strong>hoc</strong></span> <span class='ocrx_word' id='word_1_54' title='bbox 1385 528 1466 562; x_wconf 82' lang='lat' dir='ltr'><strong>mihi</strong></span> <span class='ocrx_word' id='word_1_55' title='bbox 1488 529 1630 575; x_wconf 83' lang='lat' dir='ltr'><strong>sumpsi,</strong></span> <span class='ocrx_word' id='word_1_56' title='bbox 1655 536 1708 569; x_wconf 86' lang='lat' dir='ltr'><strong>ut,</strong></span> <span class='ocrx_word' id='word_1_57' title='bbox 1730 528 1827 563; x_wconf 78' lang='lat' dir='ltr'><strong>latius</strong></span> 
     </span>
     <span class='ocr_line' id='line_1_7' title="bbox 296 577 1828 625; baseline -0.001 -12"><span class='ocrx_word' id='word_1_58' title='bbox 296 578 463 624; x_wconf 79' lang='lat' dir='ltr'><strong>evagandi</strong></span> <span class='ocrx_word' id='word_1_59' title='bbox 484 578 639 611; x_wconf 87' lang='lat' dir='ltr'><strong>libertate</strong></span> <span class='ocrx_word' id='word_1_60' title='bbox 660 577 783 611; x_wconf 80' lang='lat' dir='ltr'><strong>criticis</strong></span> <span class='ocrx_word' id='word_1_61' title='bbox 810 589 970 611; x_wconf 74' lang='lat' dir='ltr'><strong>concessa</strong></span> <span class='ocrx_word' id='word_1_62' title='bbox 983 577 1057 611; x_wconf 82' lang='lat' dir='ltr'><strong>sive</strong></span> <span class='ocrx_word' id='word_1_63' title='bbox 1078 591 1168 618; x_wconf 75' lang='lat' dir='ltr'><strong>usus,</strong></span> <span class='ocrx_word' id='word_1_64' title='bbox 1191 578 1265 612; x_wconf 81' lang='lat' dir='ltr'><strong>sive</strong></span> <span class='ocrx_word' id='word_1_65' title='bbox 1287 580 1419 620; x_wconf 83' lang='lat' dir='ltr'><strong>abusus,</strong></span> <span class='ocrx_word' id='word_1_66' title='bbox 1441 582 1516 625; x_wconf 81' lang='lat' dir='ltr'><strong>plus</strong></span> <span class='ocrx_word' id='word_1_67' title='bbox 1538 580 1627 614; x_wconf 77' lang='lat' dir='ltr'><strong>iusto</strong></span> <span class='ocrx_word' id='word_1_68' title='bbox 1651 581 1693 612; x_wconf 82' lang='lat' dir='ltr'><strong>ab</strong></span> <span class='ocrx_word' id='word_1_69' title='bbox 1715 592 1828 612; x_wconf 83' lang='lat' dir='ltr'><strong>rerum</strong></span> 
     </span>
     <span class='ocr_line' id='line_1_8' title="bbox 297 627 1828 676; baseline -0.001 -12"><span class='ocrx_word' id='word_1_70' title='bbox 297 629 417 664; x_wconf 81' lang='lat' dir='ltr'><strong>ordine</strong></span> <span class='ocrx_word' id='word_1_71' title='bbox 433 627 646 670; x_wconf 69' lang='lat' dir='ltr'><strong>declinarem,</strong></span> <span class='ocrx_word' id='word_1_72' title='bbox 669 636 702 662; x_wconf 89' lang='lat' dir='ltr'><strong>et</strong></span> <span class='ocrx_word' id='word_1_73' title='bbox 717 628 760 662; x_wconf 82' lang='lat' dir='ltr'><strong>de</strong></span> <span class='ocrx_word' id='word_1_74' title='bbox 773 627 885 662; x_wconf 82' lang='lat' dir='ltr'><strong>multis</strong></span> <span class='ocrx_word' id='word_1_75' title='bbox 907 627 980 661; x_wconf 78' lang='lat' dir='ltr'><strong>aliia</strong></span> <span class='ocrx_word' id='word_1_76' title='bbox 996 627 1087 663; x_wconf 80' lang='lat' dir='ltr'><strong>Livii</strong></span> <span class='ocrx_word' id='word_1_77' title='bbox 1108 627 1204 670; x_wconf 80' lang='lat' dir='ltr'><strong>locis,</strong></span> <span class='ocrx_word' id='word_1_78' title='bbox 1227 628 1285 674; x_wconf 86' lang='lat' dir='ltr'><strong>qui</strong></span> <span class='ocrx_word' id='word_1_79' title='bbox 1306 628 1395 664; x_wconf 86' lang='lat' dir='ltr'><strong>libro</strong></span> <span class='ocrx_word' id='word_1_80' title='bbox 1417 630 1586 665; x_wconf 80' lang='lat' dir='ltr'><strong>tricesimo</strong></span> <span class='ocrx_word' id='word_1_81' title='bbox 1601 629 1702 665; x_wconf 85' lang='lat' dir='ltr'><strong>tertio</strong></span> <span class='ocrx_word' id='word_1_82' title='bbox 1720 628 1828 676; x_wconf 82' lang='lat' dir='ltr'><strong>potis-</strong></span> 
     </span>
     <span class='ocr_line' id='line_1_9' title="bbox 296 679 1828 727; baseline 0.001 -13"><span class='ocrx_word' id='word_1_83' title='bbox 296 681 416 715; x_wconf 80' lang='lat' dir='ltr'><strong>simum</strong></span> <span class='ocrx_word' id='word_1_84' title='bbox 437 688 536 725; x_wconf 87' lang='lat' dir='ltr'><strong>atque</strong></span> <span class='ocrx_word' id='word_1_85' title='bbox 558 688 719 720; x_wconf 83' lang='lat' dir='ltr'><strong>extrema,</strong></span> <span class='ocrx_word' id='word_1_86' title='bbox 741 691 827 724; x_wconf 84' lang='lat' dir='ltr'><strong>quae</strong></span> <span class='ocrx_word' id='word_1_87' title='bbox 849 687 1011 724; x_wconf 73' lang='lat' dir='ltr'><strong>superest,</strong></span> <span class='ocrx_word' id='word_1_88' title='bbox 1034 679 1148 725; x_wconf 83' lang='lat' dir='ltr'><strong>operis</strong></span> <span class='ocrx_word' id='word_1_89' title='bbox 1163 679 1296 714; x_wconf 85' lang='lat' dir='ltr'><strong>Liviani</strong></span> <span class='ocrx_word' id='word_1_90' title='bbox 1319 689 1415 726; x_wconf 86' lang='lat' dir='ltr'><strong>parte</strong></span> <span class='ocrx_word' id='word_1_91' title='bbox 1437 683 1603 727; x_wconf 85' lang='lat' dir='ltr'><strong>leguntur,</strong></span> <span class='ocrx_word' id='word_1_92' title='bbox 1623 681 1727 715; x_wconf 88' lang='lat' dir='ltr'><strong>modo</strong></span> <span class='ocrx_word' id='word_1_93' title='bbox 1749 681 1828 714; x_wconf 86' lang='lat' dir='ltr'><strong>bre-</strong></span> 
     </span>
     <span class='ocr_line' id='line_1_10' title="bbox 295 728 1827 776; baseline -0.001 -11"><span class='ocrx_word' id='word_1_94' title='bbox 295 731 388 772; x_wconf 75' lang='lat' dir='ltr'><strong>vius,</strong></span> <span class='ocrx_word' id='word_1_95' title='bbox 409 730 511 763; x_wconf 86' lang='lat' dir='ltr'><strong>modo</strong></span> <span class='ocrx_word' id='word_1_96' title='bbox 534 730 668 763; x_wconf 75' lang='lat' dir='ltr'><strong>uberius</strong></span> <span class='ocrx_word' id='word_1_97' title='bbox 690 728 895 774; x_wconf 84' lang='lat' dir='ltr'><strong>exponendo</strong></span> <span class='ocrx_word' id='word_1_98' title='bbox 917 729 1103 773; x_wconf 77' lang='lat' dir='ltr'><strong>legentibus</strong></span> <span class='ocrx_word' id='word_1_99' title='bbox 1124 732 1218 764; x_wconf 79' lang='lat' dir='ltr'><strong>velut</strong></span> <span class='ocrx_word' id='word_1_100' title='bbox 1235 731 1442 765; x_wconf 82' lang='lat' dir='ltr'><strong>deverticula</strong></span> <span class='ocrx_word' id='word_1_101' title='bbox 1463 744 1604 765; x_wconf 87' lang='lat' dir='ltr'><strong>amoena</strong></span> <span class='ocrx_word' id='word_1_102' title='bbox 1619 743 1827 776; x_wconf 85' lang='lat' dir='ltr'><strong>quaererem,</strong></span> 
     </span>
     <span class='ocr_line' id='line_1_11' title="bbox 297 778 1827 828; baseline -0.001 -12"><span class='ocrx_word' id='word_1_103' title='bbox 297 790 396 827; x_wconf 82' lang='lat' dir='ltr'><strong>atque</strong></span> <span class='ocrx_word' id='word_1_104' title='bbox 409 781 532 814; x_wconf 84' lang='lat' dir='ltr'><strong>horum</strong></span> <span class='ocrx_word' id='word_1_105' title='bbox 545 781 699 814; x_wconf 78' lang='lat' dir='ltr'><strong>locorum</strong></span> <span class='ocrx_word' id='word_1_106' title='bbox 713 778 859 814; x_wconf 83' lang='lat' dir='ltr'><strong>indicem</strong></span> <span class='ocrx_word' id='word_1_107' title='bbox 873 778 990 812; x_wconf 83' lang='lat' dir='ltr'><strong>h&#39;bello</strong></span> <span class='ocrx_word' id='word_1_108' title='bbox 1013 779 1188 826; x_wconf 85' lang='lat' dir='ltr'><strong>repentina</strong></span> <span class='ocrx_word' id='word_1_109' title='bbox 1210 789 1243 813; x_wconf 91' lang='lat' dir='ltr'><strong>et</strong></span> <span class='ocrx_word' id='word_1_110' title='bbox 1265 781 1360 826; x_wconf 82' lang='lat' dir='ltr'><strong>quasi</strong></span> <span class='ocrx_word' id='word_1_111' title='bbox 1381 782 1594 816; x_wconf 82' lang='lat' dir='ltr'><strong>tumultuaria</strong></span> <span class='ocrx_word' id='word_1_112' title='bbox 1616 794 1723 828; x_wconf 84' lang='lat' dir='ltr'><strong>opera</strong></span> <span class='ocrx_word' id='word_1_113' title='bbox 1744 793 1827 815; x_wconf 90' lang='lat' dir='ltr'><strong>con-</strong></span> 
     </span>
     <span class='ocr_line' id='line_1_12' title="bbox 297 829 614 877; baseline -0.013 -10"><span class='ocrx_word' id='word_1_114' title='bbox 297 832 424 877; x_wconf 76' lang='lat' dir='ltr'><strong>scripto</strong></span> <span class='ocrx_word' id='word_1_115' title='bbox 445 829 614 865; x_wconf 85' lang='lat' dir='ltr'><strong>subiunxi.</strong></span> 
     </span>
    </p>
   </div>
   <div class='ocr_carea' id='block_1_3' title="bbox 333 942 1827 1058">
    <p class='ocr_par' dir='ltr' id='par_1_3' title="bbox 333 942 1827 1058">
     <span class='ocr_line' id='line_1_13' title="bbox 333 942 1827 981; baseline -0.001 -9"><span class='ocrx_word' id='word_1_116' title='bbox 333 943 363 977; x_wconf 84' lang='lat'><strong>5)</strong></span> <span class='ocrx_word' id='word_1_117' title='bbox 399 943 443 972; x_wconf 76' lang='lat' dir='ltr'><strong>cf.</strong></span> <span class='ocrx_word' id='word_1_118' title='bbox 462 943 558 979; x_wconf 80' lang='lat' dir='ltr'><strong>Georg.</strong></span> <span class='ocrx_word' id='word_1_119' title='bbox 578 942 692 971; x_wconf 78' lang='lat' dir='ltr'><strong>Orthob.</strong></span> <span class='ocrx_word' id='word_1_120' title='bbox 710 942 820 976; x_wconf 67' lang='lat' dir='ltr'><strong>waldi,</strong></span> <span class='ocrx_word' id='word_1_121' title='bbox 838 942 1012 977; x_wconf 63' lang='lat' dir='ltr'><strong>M‘uenemiz,</strong></span> <span class='ocrx_word' id='word_1_122' title='bbox 1032 943 1067 970; x_wconf 76' lang='lat' dir='ltr'><strong>de</strong></span> <span class='ocrx_word' id='word_1_123' title='bbox 1084 942 1300 978; x_wconf 75' lang='lat' dir='ltr'><strong>peregrinatione</strong></span> <span class='ocrx_word' id='word_1_124' title='bbox 1317 943 1406 969; x_wconf 73' lang='lat' dir='ltr'><strong>Paulli</strong></span> <span class='ocrx_word' id='word_1_125' title='bbox 1424 943 1596 970; x_wconf 74' lang='lat' dir='ltr'><strong>Macedonici</strong></span> <span class='ocrx_word' id='word_1_126' title='bbox 1613 954 1663 981; x_wconf 79' lang='lat' dir='ltr'><strong>per</strong></span> <span class='ocrx_word' id='word_1_127' title='bbox 1676 945 1827 979; x_wconf 81' lang='lat' dir='ltr'><strong>Graeciam,</strong></span> 
     </span>
     <span class='ocr_line' id='line_1_14' title="bbox 369 984 1826 1024; baseline 0.001 -11"><span class='ocrx_word' id='word_1_128' title='bbox 369 988 404 1014; x_wconf 82' lang='lat' dir='ltr'><strong>ad</strong></span> <span class='ocrx_word' id='word_1_129' title='bbox 422 988 484 1014; x_wconf 80' lang='lat' dir='ltr'>Liv.</span> <span class='ocrx_word' id='word_1_130' title='bbox 496 987 593 1021; x_wconf 78' lang='lat' dir='ltr'>XLV,</span> <span class='ocrx_word' id='word_1_131' title='bbox 611 987 658 1013; x_wconf 88' lang='grc'><strong>27.</strong></span> <span class='ocrx_word' id='word_1_132' title='bbox 678 987 722 1014; x_wconf 79' lang='lat'><strong>28.</strong></span> <span class='ocrx_word' id='word_1_133' title='bbox 742 987 885 1023; x_wconf 66' lang='lat' dir='ltr'><strong>expositio.</strong></span> <span class='ocrx_word' id='word_1_134' title='bbox 902 986 1026 1022; x_wconf 69' lang='lat' dir='ltr'><strong>Lipsiae,</strong></span> <span class='ocrx_word' id='word_1_135' title='bbox 1046 984 1127 1012; x_wconf 77' lang='lat'><strong>1688.</strong></span> <span class='ocrx_word' id='word_1_136' title='bbox 1147 994 1201 1021; x_wconf 86' lang='lat' dir='ltr'><strong>qua</strong></span> <span class='ocrx_word' id='word_1_137' title='bbox 1218 994 1261 1011; x_wconf 70' lang='lat' dir='ltr'><strong>rea</strong></span> <span class='ocrx_word' id='word_1_138' title='bbox 1279 987 1364 1021; x_wconf 77' lang='lat' dir='ltr'><strong>magis</strong></span> <span class='ocrx_word' id='word_1_139' title='bbox 1382 996 1398 1012; x_wconf 90' lang='lat' dir='ltr'><strong>a</strong></span> <span class='ocrx_word' id='word_1_140' title='bbox 1415 987 1496 1021; x_wconf 64' lang='lat' dir='ltr'><strong>Livio</strong></span> <span class='ocrx_word' id='word_1_141' title='bbox 1514 987 1643 1022; x_wconf 70' lang='lat' dir='ltr'><strong>traditae,</strong></span> <span class='ocrx_word' id='word_1_142' title='bbox 1663 997 1744 1024; x_wconf 82' lang='lat' dir='ltr'><strong>quam</strong></span> <span class='ocrx_word' id='word_1_143' title='bbox 1762 997 1826 1014; x_wconf 74' lang='lat' dir='ltr'><strong>vex-</strong></span> 
     </span>
     <span class='ocr_line' id='line_1_15' title="bbox 370 1030 916 1058; baseline -0.005 -1"><span class='ocrx_word' id='word_1_144' title='bbox 370 1030 406 1057; x_wconf 81' lang='lat' dir='ltr'><strong>ba</strong></span> <span class='ocrx_word' id='word_1_145' title='bbox 423 1031 598 1058; x_wconf 70' lang='lat' dir='ltr'><strong>illustrantur.</strong></span> <span class='ocrx_word' id='word_1_146' title='bbox 912 1051 916 1054; x_wconf 87' lang='lat'>.</span> 
     </span>
    </p>
   </div>
   <div class='ocr_carea' id='block_1_4' title="bbox 334 1112 1828 1271">
    <p class='ocr_par' dir='ltr' id='par_1_4' title="bbox 334 1112 1828 1271">
     <span class='ocr_line' id='line_1_16' title="bbox 334 1112 1827 1150; baseline -0.001 -7"><span class='ocrx_word' id='word_1_147' title='bbox 334 1116 365 1149; x_wconf 85' lang='lat'><strong>6)</strong></span> <span class='ocrx_word' id='word_1_148' title='bbox 401 1117 532 1142; x_wconf 77' lang='lat' dir='ltr'><strong>Natarum</strong></span> <span class='ocrx_word' id='word_1_149' title='bbox 559 1115 722 1150; x_wconf 75' lang='lat' dir='ltr'><strong>singularum</strong></span> <span class='ocrx_word' id='word_1_150' title='bbox 729 1133 738 1148; x_wconf 88' lang='lat'>,</span> <span class='ocrx_word' id='word_1_151' title='bbox 768 1114 867 1150; x_wconf 70' lang='lat' dir='ltr'><strong>quibu·</strong></span> <span class='ocrx_word' id='word_1_152' title='bbox 885 1114 921 1139; x_wconf 86' lang='lat' dir='ltr'><strong>ad</strong></span> <span class='ocrx_word' id='word_1_153' title='bbox 937 1115 1092 1140; x_wconf 74' lang='lat' dir='ltr'><strong>varietatem</strong></span> <span class='ocrx_word' id='word_1_154' title='bbox 1115 1113 1262 1139; x_wconf 68' lang='lat' dir='ltr'><strong>lectionum</strong></span> <span class='ocrx_word' id='word_1_155' title='bbox 1285 1112 1493 1140; x_wconf 73' lang='lat' dir='ltr'><strong>discernendam</strong></span> <span class='ocrx_word' id='word_1_156' title='bbox 1515 1123 1581 1140; x_wconf 72' lang='lat' dir='ltr'><strong>uana</strong></span> <span class='ocrx_word' id='word_1_157' title='bbox 1599 1123 1674 1148; x_wconf 71' lang='lat' dir='ltr'><strong>sum,</strong></span> <span class='ocrx_word' id='word_1_158' title='bbox 1697 1115 1764 1141; x_wconf 83' lang='lat' dir='ltr'><strong>haec</strong></span> <span class='ocrx_word' id='word_1_159' title='bbox 1788 1121 1827 1141; x_wconf 83' lang='lat' dir='ltr'><strong>est</strong></span> 
     </span>
     <span class='ocr_line' id='line_1_17' title="bbox 371 1155 1828 1196; baseline 0 -11"><span class='ocrx_word' id='word_1_160' title='bbox 371 1160 457 1194; x_wconf 82' lang='lat' dir='ltr'><strong>ratio,</strong></span> <span class='ocrx_word' id='word_1_161' title='bbox 482 1165 512 1185; x_wconf 83' lang='lat' dir='ltr'><strong>ut</strong></span> <span class='ocrx_word' id='word_1_162' title='bbox 533 1160 598 1186; x_wconf 80' lang='lat' dir='ltr'><strong>Cod.</strong></span> <span class='ocrx_word' id='word_1_163' title='bbox 624 1158 747 1185; x_wconf 82' lang='lat' dir='ltr'><strong>codicem</strong></span> <span class='ocrx_word' id='word_1_164' title='bbox 763 1156 1016 1184; x_wconf 76' lang='lat' dir='ltr'><strong>Laurishamensem</strong></span> <span class='ocrx_word' id='word_1_165' title='bbox 1035 1158 1092 1184; x_wconf 80' lang='lat' dir='ltr'><strong>sive</strong></span> <span class='ocrx_word' id='word_1_166' title='bbox 1110 1155 1368 1191; x_wconf 75' lang='lat' dir='ltr'><strong>vindobonensem,</strong></span> <span class='ocrx_word' id='word_1_167' title='bbox 1393 1158 1473 1184; x_wconf 78' lang='lat' dir='ltr'><em>Frob.</em></span> <span class='ocrx_word' id='word_1_168' title='bbox 1487 1181 1496 1193; x_wconf 37' lang='grc' dir='ltr'><strong>Σ</strong></span> <span class='ocrx_word' id='word_1_169' title='bbox 1588 1159 1699 1185; x_wconf 83' lang='lat' dir='ltr'><strong>&#39;tionem</strong></span> <span class='ocrx_word' id='word_1_170' title='bbox 1721 1160 1828 1196; x_wconf 81' lang='lat' dir='ltr'><strong>princi-</strong></span> 
     </span>
     <span class='ocr_line' id='line_1_18' title="bbox 371 1155 1826 1271; baseline 0.001 -43"><span class='ocrx_word' id='word_1_171' title='bbox 371 1213 445 1240; x_wconf 76' lang='lat' dir='ltr'><strong>pem,</strong></span> <span class='ocrx_word' id='word_1_172' title='bbox 464 1213 480 1228; x_wconf 81' lang='lat' dir='ltr'><strong>a</strong></span> <span class='ocrx_word' id='word_1_173' title='bbox 493 1203 626 1229; x_wconf 79' lang='lat' dir='ltr'><strong>Frobenio</strong></span> <span class='ocrx_word' id='word_1_174' title='bbox 639 1202 760 1228; x_wconf 74' lang='lat' dir='ltr'><strong>Basileae</strong></span> <span class='ocrx_word' id='word_1_175' title='bbox 772 1211 797 1228; x_wconf 85' lang='lat' dir='ltr'><strong>a.</strong></span> <span class='ocrx_word' id='word_1_176' title='bbox 811 1201 891 1227; x_wconf 82' lang='lat'><strong>1531.</strong></span> <span class='ocrx_word' id='word_1_177' title='bbox 910 1203 984 1237; x_wconf 67' lang='lat' dir='ltr'><strong>typis</strong></span> <span class='ocrx_word' id='word_1_178' title='bbox 1003 1202 1175 1236; x_wconf 74' lang='lat' dir='ltr'><strong>exscriptam,</strong></span> <span class='ocrx_word' id='word_1_179' title='bbox 1194 1201 1274 1226; x_wconf 79' lang='lat' dir='ltr'><strong><em>Frob.</em></strong></span> <span class='ocrx_word' id='word_1_180' title='bbox 1292 1202 1320 1226; x_wconf 79' lang='lat'><strong>2.</strong></span> <span class='ocrx_word' id='word_1_181' title='bbox 1340 1155 1681 1271; x_wconf 43' lang='lat' dir='ltr'><strong>edition-§.tunm</strong></span> <span class='ocrx_word' id='word_1_182' title='bbox 1699 1212 1725 1229; x_wconf 89' lang='lat' dir='ltr'><strong>a.</strong></span> <span class='ocrx_word' id='word_1_183' title='bbox 1746 1202 1826 1230; x_wconf 81' lang='lat'><strong>153⁵.</strong></span> 
     </span>
    </p>
   </div>
   <div class='ocr_carea' id='block_1_5' title="bbox 373 1242 1722 1282">
    <p class='ocr_par' dir='ltr' id='par_1_5' title="bbox 373 1242 1722 1282">
     <span class='ocr_line' id='line_1_19' title="bbox 373 1242 1722 1282; baseline 0 -10"><span class='ocrx_word' id='word_1_184' title='bbox 373 1252 453 1282; x_wconf 73' lang='lat' dir='ltr'><strong>atque</strong></span> <span class='ocrx_word' id='word_1_185' title='bbox 470 1246 554 1272; x_wconf 77' lang='lat' dir='ltr'><strong>Drak.</strong></span> <span class='ocrx_word' id='word_1_186' title='bbox 574 1251 601 1272; x_wconf 76' lang='lat' dir='ltr'><strong>et</strong></span> <span class='ocrx_word' id='word_1_187' title='bbox 617 1245 700 1271; x_wconf 67' lang='lat' dir='ltr'><strong>Bau.</strong></span> <span class='ocrx_word' id='word_1_188' title='bbox 720 1244 793 1271; x_wconf 81' lang='lat' dir='ltr'><strong>Livii</strong></span> <span class='ocrx_word' id='word_1_189' title='bbox 812 1244 942 1271; x_wconf 69' lang='lat' dir='ltr'><strong>editiones</strong></span> <span class='ocrx_word' id='word_1_190' title='bbox 961 1253 976 1269; x_wconf 89' lang='lat' dir='ltr'><strong>a</strong></span> <span class='ocrx_word' id='word_1_191' title='bbox 994 1242 1216 1270; x_wconf 78' lang='lat' dir='ltr'><strong>Drakenborchio</strong></span> <span class='ocrx_word' id='word_1_192' title='bbox 1235 1248 1262 1270; x_wconf 90' lang='lat' dir='ltr'><strong>et</strong></span> <span class='ocrx_word' id='word_1_193' title='bbox 1278 1243 1401 1271; x_wconf 65' lang='lat' dir='ltr'><strong>Bekkero</strong></span> <span class='ocrx_word' id='word_1_194' title='bbox 1420 1243 1472 1270; x_wconf 80' lang='lat' dir='ltr'><strong>ado</strong></span> <span class='ocrx_word' id='word_1_195' title='bbox 1579 1243 1722 1280; x_wconf 70' lang='lat' dir='ltr'><strong>significet.</strong></span> 
     </span>
    </p>
   </div>
  </div>
 </body>
</html>
