2075 2504
200 184 244 216 22

202 270 386 311 tiquioribus
414 268 540 298 sormam
560 266 684 298 ’ἰηᾶἰίιιε
706 278 830 308 quoque
861 257 1028 304 exstitisse,
1060 277 1100 297 ex
1130 267 1201 298 Liv.
1222 267 1346 305 XLIV,
1381 270 1431 297 11.
1460 266 1659 309 intelligitur,
1687 270 1742 299 ubi

205 333 262 364 pro
284 323 315 351 in
345 319 441 351 altum
470 318 677 360 magnitudine
706 318 791 349 Atho
822 331 923 355 mons,
949 329 1044 358 quum
1066 319 1098 347 in
1124 317 1203 348 altus
1225 318 1449 359 magnitudine,
1480 330 1557 359 quae
1587 319 1619 348 in
1648 320 1744 350 orati-

207 374 274 404 onis
296 378 473 402 contextum
483 378 609 411 recepta
631 370 789 400 Bekkerus
812 370 930 400 uncinis
952 368 1091 406 inclusit,
1118 370 1150 399 in
1166 370 1242 400 ⁴cod.
1257 370 1392 400 Vindob.
1411 370 1541 410 reperiri
1563 369 1746 407 didicissem,

206 434 275 454 meo
302 420 458 464 periculo,
481 421 604 462 >syllaba
627 420 661 451 al
683 421 715 451 in
739 419 780 451 cli
803 428 929 458 mutata,
958 418 1076 449 inclitus
1098 421 1304 461 magnitudine
1338 420 1422 451 Atho
1445 432 1530 450 mons
1551 421 1745 453 scribendum

209 487 294 513 esse,
326 475 359 504 in
385 473 504 504 Comm.
520 473 566 503 =de
585 473 661 504 locis
684 473 780 503 Gellii
801 473 901 504 Noctt.
924 471 989 503 Att.
1011 471 1080 501 Lib.
1103 472 1158 502 VL
1179 484 1252 514 cap.
1277 475 1307 503 1.
1331 479 1362 503 et
1382 472 1532 503 Lactantii
1561 472 1644 513 Epir.
1668 472 1744 503 lust.

209 528 284 558 Div.
298 516 374 566 rap.
398 528 450 555 29.
468 536 504 565 ,P-
530 527 580 554 10.
603 536 649 564 sq.
670 525 748 555 dixi.

298 589 375 619 quae
393 575 595 606 *remediorum
612 574 798 605 salutarium
814 575 900 615 aegri
918 574 1080 605 mercedem
1094 582 1290 606 sacraverant
1303 574 1372 615 deo]
1391 575 1485 604 Recte
1495 573 1747 605 Drakenborchi-

213 639 266 660 us:
294 628 503 667 ‚,Virdoetus,
528 627 649 667 inquit,
678 627 717 657 ad
747 627 913 667 marginem
939 627 987 657 ed.
1011 626 1151 658 Curionis
1180 627 1311 656 coniecit
1339 625 1535 656 remediorum
1565 625 1748 656 salutarium

213 688 385 722 „compotes
408 679 509 719 aegri,
526 678 645 708 vadsc'ita
667 688 761 714 voce,
785 688 861 718 quae
884 684 984 707 tamen
1008 677 1176 709 necessaria
1191 688 1262 707 'non
1286 684 1340 708 est.
1386 678 1525 718 Quisque
1547 678 1627 707 enim
1650 677 1747 716 videt,

214 734 330 771 „verba
353 729 547 761 remediorum
569 728 751 759 salutarium
774 729 839 769 regi
862 739 879 757 a
899 739 978 758 voce
1000 728 1195 759 mercedem.“
1240 728 1354 759 Similis
1378 736 1422 759 est
1445 728 1604 759 collocatio
1632 729 1747 759 verbo-

215 795 282 814 mm
311 783 383 813 Liv.
407 781 570 818 XXXVI,
591 783 653 810 31.
678 779 713 808 de
735 778 893 821 Zaqymlzo
913 780 1075 820 intercepta
1095 791 1149 821 per
1162 779 1316 821 fraudem
1338 778 1437 809 insvla
1460 788 1573 821 questus
1581 801 1591 817 ,
1623 786 1653 809 et
1676 779 1747 817 XL,

218 838 269 866 19.
292 842 323 864 ut
346 835 371 864 is
394 844 531 862 numerus
553 832 632 874 qffi’c'i
653 830 781 860 militum
806 842 863 859 non
883 832 1020 870 potuerit.
1061 831 1222 860 *Praeterea
1243 830 1298 860 illo
1321 831 1390 861 loco
1411 831 1443 860 in
1466 831 1533 860 cod.
1557 831 1661 860 Bamb.
1685 841 1748 861 non

215 882 253 935 ii,
276 894 308 923 id
331 899 376 922 est
395 893 513 932 primo,
528 889 678 931 fugatum
701 900 743 918 ex
767 887 899 917 Graecia
921 887 1106 918 Antiochum
1121 895 1173 926 -et,
1196 888 1347 918 vocabulo
1369 896 1421 918 aut
1444 889 1571 928 omisso,
1594 890 1626 918 in
1647 897 1746 930 poste-

217 957 284 976 rum
308 944 421 980 caveri,
451 948 485 972 ut
506 939 667 972 Goellerus
689 941 746 979 ait,
777 940 830 970 sed
851 941 899 981 ρ’,
930 940 961 969 id
984 946 1029 971 est
1049 947 1134 982 posi,
1163 939 1315 983 fugatum
1338 953 1380 972 ex
1410 939 1541 972 Graecia
1562 940 1748 972 Antiochum

218 1004 248 1027 et
274 998 305 1026 in
333 1002 482 1036 posterum
506 1000 558 1022 aui
581 993 680 1022 caver-i
702 993 848 1032 scriptum
870 991 1029 1031 reperitur.

306 1058 344 1076 ac
368 1044 575 1084 Pallantium]
598 1043 742 1073 Nondum
767 1043 904 1083 poenitet
927 1053 975 1072 me
999 1042 1205 1081 coniecturae,
1228 1054 1252 1073 *a
1273 1042 1412 1074 Bekkero
1441 1054 1563 1084 quoque
1592 1045 1748 1085 probatae,

218 1110 279 1140 qua
301 1110 340 1127 ac
361 1095 538 1127 Palann'um
561 1096 626 1125 sive
642 1093 828 1124 Pallantinm
853 1095 884 1123 in
908 1094 1071 1135 depravata
1094 1095 1206 1125 codicis
1229 1096 1390 1135 scripturaz
1413 1107 1452 1124 ac
1472 1094 1630 1132 silentium,
1654 1096 1749 1127 latere

220 1155 381 1191 auguratus
405 1158 480 1177 sum.
525 1146 648 1175 Etenim
672 1145 789 1175 Plinius
818 1145 899 1174 Hist.
924 1145 993 1175 Nat.
1016 1145 1071 1183 IV,
1096 1147 1126 1175 6.
1171 1145 1351 1176 Pallantium
1374 1146 1440 1176 sive
1463 1145 1669 1184 Pallanteum,
1691 1158 1746 1177 ur—

220 1203 289 1232 bem
311 1199 506 1235 Arcadicam,
536 1197 575 1227 de
607 1208 666 1237 qua
687 1197 867 1237 interpretes
891 1197 927 1226 ad
950 1196 1020 1227 Liv.
1043 1196 1073 1234 I,
1104 1199 1133 1226 5.
1156 1196 1251 1227 velim
1282 1197 1434 1235 conferas,
1466 1204 1497 1227 et
1518 1197 1748 1238 Megalopolim,

219 1252 324 1282 itidem
346 1251 378 1279 in
402 1249 531 1279 Arcadia
554 1249 657 1285 sitam,
681 1248 788 1277 eodem
812 1248 919 1276 ordine
941 1255 1096 1285 recenset,
1120 1259 1210 1288 quem
1233 1248 1269 1278 L.
1284 1248 1434 1279 Aemilius
1456 1248 1580 1278 Paullus
1602 1249 1634 1277 in
1650 1248 1748 1278 Grae-

220 1304 266 1334 cia
287 1300 474 1344 peragranda
496 1306 616 1330 secutus
637 1306 694 1329 est.
740 1298 881 1330 Ceterum
904 1299 1151 1341 Baumgarten—C*
1152 1301 1268 1338 rusius,
1293 1299 1364 1331 licet
1385 1300 1419 1331 hi
1441 1301 1523 1331 Livii
1545 1299 1615 1330 libri
1635 1311 1674 1331 ex
1696 1311 1750 1331 so-

220 1355 252 1386 lo
276 1354 343 1384 cod.
366 1353 501 1382 Vindob.
525 1352 585 1381 sint
607 1351 696 1387 editi,
719 1351 794 1380 haec
816 1352 911 1380 verba
934 1362 950 1379 a
972 1350 1099 1381 librariis
1123 1352 1226 1380 nescio
1248 1353 1356 1391 quibus
1379 1353 1488 1381 omissa
1511 1352 1688 1383 esse¹dixit.
1734 1345 1754 1376 -’

308 1402 449 1444 esc-cmlii]
472 1403 541 1432 Hoc
564 1403 694 1432 verbum
717 1412 756 1431 ex
779 1402 848 1431 cod.
871 1402 976 1431 Bamb.
990 1401 1060 1431 Liv.
1073 1402 1236 1440 XXXIV,
1261 1404 1311 1432 56.
1335 1403 1481 1440 XXXV,
1505 1402 1558 1432 43.
1581 1402 1751 1439 XXXVII,

223 1461 253 1488 3.
274 1463 305 1487 et
328 1458 357 1486 9.
381 1462 471 1494 atque
494 1464 534 1483 ex
556 1453 624 1483 cod.
639 1450 776 1482 vindob.
791 1453 862 1482 Liv.
880 1452 972 1490 XLI,
996 1456 1048 1482 22.
1074 1459 1103 1482 et
1125 1456 1177 1482 23.
1194 1453 1297 1491 XLII,
1323 1457 1373 1483 15.
1392 1456 1443 1484 38.
1467 1460 1497 1484 et
1521 1453 1574 1484 42.
1593 1460 1624 1483 et
1638 1454 1751 1492 XLIII,

224 1511 276 1538 16.
307 1506 442 1536 restitui:
466 1515 522 1533 nec
542 1504 665 1533 iniuria.
692 1498 782 1533 ‘Vid.
806 1503 943 1533 Gronov.
976 1511 1005 1533 et
1029 1503 1258 1534 Drakenborch.
1290 1506 1326 1535 ad
1349 1505 1419 1535 Liv.
1442 1505 1488 1543 II,
1519 1508 1580 1542 28,
1606 1507 1636 1534 6.
1661 1512 1751 1545 atque

222 1557 387 1590 Ruhnken.
410 1556 448 1586 ad
470 1555 565 1586 Rutil.
587 1555 668 1597 Lup.
691 1555 722 1594 I,
755 1557 805 1585 13.
828 1567 859 1596 p.
883 1554 934 1586 48.
957 1556 1009 1596 qui
1028 1556 1087 1585 hoc
1110 1557 1238 1586 verbum
1261 1567 1323 1587 non
1346 1556 1436 1587 nimis
1459 1557 1568 1598 cupide
1594 1557 1751 1597 scriptori-

223 1613 280 1642 bus
302 1610 434 1648 aurifluis
457 1608 681 1638 obtrudendum
706 1618 772 1637 esse
795 1608 921 1637 monuit.
967 1608 1090 1648 Quippe
1114 1608 1252 1638 codicum
1281 1609 1452 1640 auctoritati
1472 1608 1527 1638 hac
1550 1609 1582 1637 in
1605 1619 1638 1637 re
1661 1609 1752 1638 obse-

226 1661 381 1702 quendum
405 1666 458 1688 est.
502 1659 572 1689 Non
594 1659 687 1699 igitur
708 1665 788 1696 erat,
813 1659 939 1699 opinor,
969 1670 1023 1688 cur
1045 1658 1204 1698 Grynaeus
1233 1659 1283 1689 hic
1314 1666 1345 1688 et
1374 1658 1445 1688 alibi
1474 1670 1491 1688 a
1519 1658 1588 1688 cod.
1619 1658 1754 1690 Vindob.

225 1713 370 1754 scriptura
393 1709 571 1740 discederet.

314 1765 376 1792 visa
399 1762 439 1802 ct]
464 1761 624 1800 Grynaeus
648 1760 722 1790 haec
743 1761 838 1790 verba
863 1767 945 1790 recte
974 1762 1194 1802 transposuisse
1221 1762 1353 1792 videtur.
1398 1762 1501 1800 Quum
1524 1769 1624 1792 autem
1646 1763 1704 1793 hoc
1726 1772 1753 1793 ct

210 1813 409 1856 ‘respondeat
429 1811 531 1848 alteri,
559 1810 643 1852 quod
665 1811 834 1852 praecedit,
865 1822 964 1851 neque
987 1822 1055 1841 cum
1079 1811 1238 1843 Gronovio
1259 1811 1326 1851 secl,
1356 1824 1456 1853 neque
1476 1824 1545 1843 cum
1568 1812 1686 1844 Clerico
1708 1822 1752 1854 at,

226 1876 328 1907 neque
356 1875 425 1894 cum
447 1863 633 1904 Doeringio,
661 1863 820 1893 temerario
849 1864 1088 1894 coniecturarum
1118 1864 1321 1896 faciendarum
1347 1866 1475 1903 artifice,
1503 1865 1555 1894 ubi
1581 1866 1657 1895 inter
1686 1866 1754 1897 alia

226 1915 391 1959 spectanda
415 1914 530 1952 Iovem,
555 1914 632 1944 velut
652 1921 854 1956 praesentem,
883 1915 996 1944 intuens
1017 1922 1114 1944 motus
1134 1916 1238 1951 animo
1260 1923 1318 1952 est,
1349 1915 1541 1946 scribendum
1564 1927 1629 1947 esse
1656 1928 1753 1958 appa-

227 1976 284 2001 ret.
327 1967 471 1998 Ceterum
494 1966 568 1995 haec
596 1965 707 1996 vocula
738 1965 920 1995 eliminanda
942 1966 1013 1997 Liv.
1044 1966 1203 2004 XXXIII,
1233 1970 1286 1997 21.
1308 1968 1361 1997 ubi
1390 1966 1518 1997 Attalus
1546 1980 1604 1998 rex
1629 1979 1752 2009 ponen-

228 2021 320 2056 dum,
343 2018 453 2047 omisso
476 2024 521 2053 et,
545 2017 628 2055 quod
650 2028 666 2045 a
687 2017 755 2046 cod.
778 2017 883 2045 Bamb.
907 2018 1026 2054 abesse,
1049 2016 1209 2047 Goeller-us
1230 2028 1293 2047 non
1314 2018 1411 2047 vidit:
1440 2025 1543 2048 contra
1564 2019 1751 2060 postliminio

228 2068 403 2111 recipienda
423 2068 494 2098 Liv.
518 2067 624 2105 XLV,
650 2069 703 2098 21.
725 2068 793 2106 ubi,
823 2078 917 2109 quum
938 2079 994 2110 pro
1016 2075 1067 2106 ut,
1096 2069 1146 2110 qui
1166 2068 1200 2098 in
1222 2069 1290 2100 cod.
1311 2068 1447 2100 Vindob.
1467 2077 1532 2100 uter
1553 2071 1605 2111 qui
1624 2068 1751 2112 legatur,
