2075 2504
1746 275 1788 307 17

264 361 372 403 lapsa,
395 360 539 398 disiecta,
561 358 713 401 dispulsa,
735 359 796 391 ,vel
817 360 916 391 simile
938 360 1012 401 quid
1034 359 1210 390 desiderari.
1263 360 1354 392 Nunc
1381 361 1414 391 in
1442 360 1612 392 Bartholini
1640 362 1786 392 emenda-

262 413 347 443 tione
369 411 446 442 nihil
468 411 619 442 desidero.
664 410 772 443 Livius
801 413 880 442 enim
892 434 903 450 ,
933 411 966 442 id
988 411 1070 452 quod
1093 410 1256 442 Goellerus
1277 422 1326 442 me
1349 423 1404 453 per
1425 411 1525 443 literas
1555 412 1708 454 praeclare
1730 413 1787 444 ad-

263 465 397 501 monuit,
420 470 578 505 poetarum
600 473 715 493 morem
737 471 858 495 secutus
880 475 943 494 rem
965 465 1059 505 ipsam
1083 474 1139 505 pro
1162 463 1207 493 rei
1230 463 1350 493 defectu
1372 471 1401 494 et
1423 464 1554 494 absentia
1575 466 1712 506 posuisse
1736 466 1786 496 vi-

263 515 361 554 detur,
384 522 418 544 ut
438 516 546 544 Horat.
563 513 693 544 Carmm.
716 514 770 552 111,
793 517 823 553 6,
836 515 887 545 41.
911 526 978 556 sqq.
1002 515 1075 545 Vid.
1099 515 1229 544 Iacobsii
1250 515 1343 545 Notas
1365 515 1397 544 in
1419 514 1502 544 hunc
1523 513 1633 546 librum
1655 528 1686 558 p.
1711 519 1784 548 388.

262 577 310 607 sq.
343 573 373 597 et
388 566 578 597 Lobeckium
608 566 645 596 ad
675 566 770 608 Soph.
793 566 880 597 Aiac.
903 577 936 597 v.
961 568 1037 597 705.
1060 578 1091 607 p.
1115 568 1190 597 328.
1215 566 1267 596 ubi
1288 566 1363 597 haec
1392 567 1586 608 proferuntur
1615 579 1654 598 ex
1681 568 1784 601 Valer.

262 617 363 647 Flacc.
385 618 410 654 I,
436 617 511 647 433.
558 617 604 647 At
633 617 687 647 tibi
709 617 850 647 collectas
868 617 956 648 solvit
977 619 1041 647 iam
1053 617 1160 659 fibula
1181 625 1271 648 vestes
1277 641 1287 655 ,
1318 630 1360 648 sc.
1382 626 1532 659 exempta.
1576 620 1723 650 Eiusdem
1745 620 1786 650 li-

262 664 397 710 bri‘cap.
427 669 479 699 15.
504 668 542 699 de
565 668 639 699 Ant.
664 669 848 711 Quaerengii
870 669 1017 700 sententia
1038 668 1134 711 vulgo
1156 669 1197 700 ita
1221 669 1397 700 ediderunt:
1430 669 1530 700 altera
1552 668 1689 712 clipeati,
1719 670 1788 702 dein

264 719 399 749 aliarum
425 722 556 760 gentium
576 721 723 750 exercitus
746 720 835 749 robur
863 728 939 750 erat.
978 721 1153 758 ‚Iacobsius‚
1184 727 1218 750 ut
1245 731 1339 751 vanas
1370 721 1518 751 Crevierii
1546 728 1575 750 et
1601 722 1787 764 Heusingeri

264 771 451 802 coniecturas
480 771 631 810 omittam,
660 771 762 802 locum
792 770 933 801 mutilum
963 782 1030 802 esse
1051 778 1151 809 ratus,
1179 783 1210 813 p.
1235 773 1309 802 390.
1337 771 1413 802 haec
1441 772 1483 803 ita
1505 772 1596 804 scribi
1618 772 1728 804 debere
1756 780 1787 805 et

263 821 408 865 distingui
429 831 548 854 censet:
571 823 638 853 dein
659 823 792 854 aliarum
812 824 963 863 gentium.-
987 822 1021 853 id
1041 824 1188 853 exercitus
1210 823 1300 853 robur
1321 832 1396 854 erat.
1440 823 1707 856 Drakenborchius
1729 836 1786 856 au-

263 880 342 911 tem,
369 885 463 914 quum
485 876 517 904 in
540 875 662 912 codice,
689 874 722 903 id
744 874 827 913 quod
856 873 1018 904 Goellerus
1039 885 1071 914 p.
1096 877 1147 903 93.
1171 884 1330 914 perperam
1351 875 1491 915 negavit,
1521 876 1698 905 exercitibus
1719 877 1786 906 sive

262 924 364 965 potius
385 924 540 964 exerciti&
563 924 695 967 legatur,
724 931 815 964 atque
845 924 994 954 vocabula
1024 923 1088 954 alia
1120 931 1150 954 et
1183 923 1242 954 illa
1265 935 1282 953 a
1303 923 1431 955 librariis
1453 918 1545 965 saepe
1566 933 1787 966 permutentur,

263 982 368 1006 auctor
390 983 452 1014 est,
479 983 515 1006 ut
536 977 717 1006 scribamus:
747 974 845 1004 altera
868 974 1007 1015 clipeati,
1036 974 1117 1016 quod
1138 976 1169 1003 in
1195 973 1322 1004 illarum
1341 977 1474 1015 gentium
1495 977 1674 1007 exercitibus
1695 978 1787 1008 robur

263 1034 345 1065 erat,
374 1037 431 1069 pro
461 1038 521 1068 quo
544 1026 665 1057 malim:
695 1025 794 1056 altera
817 1025 956 1067 clipeati:
987 1025 1021 1055 icl
1043 1027 1075 1055 in
1097 1025 1223 1059 illarum
1244 1026 1374 1066 gentium
1396 1027 1573 1058 exercitibus
1595 1027 1685 1058 robur
1706 1036 1784 1060 erat.

262 1078 334 1108 Hoc
356 1079 437 1109 enim
460 1086 491 1109 et
504 1079 550 1117 ,ad
572 1079 640 1109 cod.
663 1079 769 1109 Bamb.
793 1078 971 1118 scripturam
999 1077 1126 1118 propius
1155 1077 1288 1115 accedit,
1321 1085 1351 1108 et
1373 1080 1563 1109 confirmatur
1587 1079 1662 1111 locis
1684 1081 1784 1111 simil-

262 1128 343 1160 limis
365 1130 436 1160 Liv.
460 1130 604 1168 XXVII,
630 1129 681 1161 14.
706 1137 732 1159 et
754 1128 787 1159 id
809 1128 923 1159 roboris
945 1129 977 1158 in
999 1129 1081 1165 omni
1102 1129 1235 1158 exer-citu
1257 1136 1339 1166 erat,
1363 1136 1394 1159 et
1415 1130 1577 1167 XXXIX,
1601 1133 1654 1160 30.
1676 1131 1710 1160 icl
1731 1143 1784 1163 ro-

263 1180 327 1211 bur·
341 1189 401 1211 loto
416 1183 548 1212 exercitu
569 1189 644 1218 erat,
674 1181 726 1211 ubi
747 1181 830 1218 vide,
860 1191 937 1221 quae
965 1180 1140 1210 Gronovius
1171 1187 1202 1210 et
1228 1180 1494 1211 Drakenborchius
1516 1181 1707 1213 adnotarunt.
1750 1183 1788 1213 In

264 1233 461 1272 sequentibus
490 1239 590 1262 autem
618 1231 754 1262 Goeller-i
782 1243 814 1272 p.
846 1234 898 1261 19.
922 1232 1046 1260 instituit
1073 1231 1169 1260 aciem
1195 1241 1253 1271 pro
1273 1232 1391 1260 insumit
1414 1232 1520 1268 aciem,
1545 1233 1627 1271 quod
1650 1233 1732 1263 idem
1755 1245 1787 1275 p.

265 1284 317 1314 93.
340 1290 421 1313 recte
443 1283 586 1321 servavit,
609 1282 706 1312 codici
727 1283 886 1312 tribuentis
909 1281 1093 1324 negligentia
1115 1282 1189 1312 mihi
1211 1281 1323 1322 pariter,
1343 1293 1376 1312 ac
1392 1282 1541 1320 Bekkero,
1565 1283 1618 1323 qui
1640 1295 1706 1325 cap.
1731 1287 1786 1316 33.

263 1344 319 1375 pro
342 1333 438 1364 Asiae
451 1334 545 1371 urbes,
568 1333 673 1363 itidem
696 1344 712 1362 a
734 1332 878 1364 Goellero
902 1333 1058 1374 deceptus,
1080 1333 1178 1363 Asiae
1203 1334 1334 1363 civitates
1355 1334 1486 1374 scripsit,
1515 1333 1602 1364 facile
1631 1335 1786 1376 imposuit,

264 1397 358 1426 quum
380 1386 485 1415 instrui
511 1384 614 1426 paullo
637 1391 706 1425 post
727 1391 885 1424 sequatur,
915 1391 945 1414 et
966 1385 1061 1414 aciem
1083 1386 1247 1422 instituere,
1277 1384 1360 1425 quod
1381 1383 1415 1414 in‘
1435 1384 1527 1415 Livio
1549 1385 1659 1416 frustra
1688 1397 1785 1426 quae-

264 1437 389 1473 siveris,
413 1436 493 1477 apud
514 1435 572 1465 Iul.
598 1435 683 1465 Caes.
707 1435 786 1465 Bell.
811 1435 880 1465 civ.
903 1435 956 1473 ΙΙΙ,
980 1438 1033 1466 93.
1055 1436 1233 1476 reperiatur.

350 1485 483 1527 milium]
519 1487 597 1519 ,Non
619 1486 718 1517 solum
740 1486 799 1517 hoc
823 1485 892 1516 loco
915 1485 1046 1516 millium
1056 1488 1122 1527 *pro
1141 1485 1260 1515 milium
1281 1485 1314 1515 in
1336 1485 1404 1516 cod.
1427 1486 1566 1517 vindob.
1588 1485 1712 1528 legitur,
1733 1487 1790 1518 sed

265 1539 354 1569 etiam
375 1538 447 1568 Liv.
472 1538 586 1575 XLIII,
616 1541 670 1568 22.
699 1538 838 1568 librarius
865 1537 996 1568 millium
1024 1548 1081 1579 pro
1111 1536 1250 1574 militum,
1288 1543 1378 1577 atque
1414 1537 1513 1575 XLII,
1553 1540 1604 1568 19.
1639 1539 1788 1569 contrario

265 1600 365 1620 errore
393 1589 494 1630 lapsus
522 1600 646 1618 munera
665 1588 798 1621 militum
816 1600 872 1630 pro
901 1601 1026 1618 munera
1047 1589 1147 1618 binum
1167 1587 1300 1618 millium
1325 1589 1437 1629 postuit.
1481 1587 1567 1619 Alibi
1588 1597 1690 1620 tamen
1712 1601 1789 1620 con-

265 1648 378 1674 stanter
400 1639 485 1673 mille
506 1640 638 1680 quidem,
661 1647 695 1670 ut
715 1639 818 1681 paullo
841 1647 922 1680 post,
944 1640 999 1670 sed
1021 1638 1120 1676 milia,
1144 1638 1262 1669 milium
1285 1645 1316 1669 et
1336 1638 1456 1669 milibus
1469 1640 1502 1669 in
1523 1641 1627 1670 codice
1643 1641 1787 1682 scriptum

266 1699 323 1724 est.
367 1692 442 1722 Vid.
465 1698 581 1722 nostras
604 1691 761 1722 Adnotatt.
785 1691 823 1721 ad
843 1691 927 1721 Livii
948 1692 1069 1733 Fragm.
1091 1690 1162 1720 Lib.
1187 1690 1271 1720 XCI.
1297 1689 1352 1719 lin.
1379 1693 1453 1720 106.
1481 1702 1516 1732 p.
1539 1690 1616 1721 419.
1646 1690 1787 1721 Ceterum

266 1754 315 1775 res
337 1744 480 1774 admonet
500 1743 561 1774 loci
581 1743 654 1775 Liv.
677 1743 763 1781 XLI,
786 1745 838 1773 10.
862 1744 915 1773 ubi
937 1753 999 1773 non
1021 1749 1081 1772 tam
1104 1753 1173 1772 cum
1196 1741 1338 1780 Grynaeo
1364 1739 1452 1780 Quod
1473 1754 1540 1771 cum
1553 1741 1672 1779 milites,
1696 1753 1787 1783 quam

267 1806 337 1825 cum
359 1795 607 1825 Drakenborchio
634 1794 722 1833 Quod
744 1807 833 1836 quum
854 1793 904 1824 illi
925 1802 986 1825 ium
1007 1792 1199 1824 scribendum
1222 1803 1297 1830 esse,
1325 1798 1449 1832 apparet
1479 1802 1519 1822 ex
1549 1800 1688 1833 corrupta
1715 1793 1787 1824 cod.

267 1845 403 1876 Vindob.
425 1845 574 1876 lectione.
596 1845 676 1886 quod
697 1857 763 1875 cum
785 1844 923 1875 militum.

354 1896 531 1939 Dianaeque
553 1895 677 1938 templo]
721 1896 903 1939 Vulgaturn.
941 1895 1117 1935 Dianaeque
1141 1892 1294 1935 templum,
1323 1894 1404 1935 quod
1432 1895 1463 1923 in
1495 1894 1600 1925 codice
1629 1896 1787 1936 reperitur,

267 1948 535 1980 Drakenborchius
553 1948 597 1978 'ita
620 1946 770 1988 explicat:
793 1949 928 1986 „traiicit
945 1945 1088 1976 Aulidem
1110 1944 1287 1986 Dianaeque
1305 1943 1456 1985 templum,
1479 1955 1535 1986 pro
1558 1953 1585 1975 et
1606 1945 1649 1975 ad
1669 1946 1789 1976 Dianae

268 1999 432 2042 „ternplum
442 2002 477 2039 ‚·“
502 1999 686 2041 Doeringius
709 2006 808 2029 autem
829 1999 889 2029 hoc
911 1998 1019 2028 modo:
1041 1996 1240 2037 „Dianaeque
1264 1994 1416 2037 templum,
1437 2003 1541 2038 repete
1564 1998 1690 2034 traiecit,
1711 1996 1787 2037 [imo

269 2051 419 2092 „ir-aiici1]
442 2058 472 2082 et
493 2051 565 2081 inde
587 2051 664 2081 elice
687 2049 785 2081 adast
830 2050 916 2089 Quae
937 2060 1026 2091 quam
1048 2054 1185 2078 contorta
1212 2048 1272 2078 sint
1299 2055 1388 2088 atque
1415 2047 1575 2089 impedita,
1606 2058 1696 2078 nemo
1724 2059 1789 2079 non

266 2103 422 2146 intelligit.
465 2102 629 2144 Propterea
650 2103 710 2133 iam
738 2102 852 2133 dudum
880 2101 1020 2134 audacter
1047 2100 1170 2141 scripsi:
1202 2098 1378 2141 Dianaeque
1405 2097 1527 2140 templo,
1559 2110 1603 2131 sc.
1631 2097 1788 2140 inclutum,

1428 2152 1447 2179 3
