2075 2504
287 206 310 239 8

392 292 479 344 Cap.
506 290 679 329 XXVIII.
734 288 918 328 Sacrificio
933 289 1120 328 Minervae
1135 288 1298 342 'praesidi
1313 289 1409 328 arcis
1430 290 1470 328 in
1494 290 1593 329 urbe
1611 291 1708 333 facto
1727 307 1817 346 pro<-

290 354 423 398 fectus,
458 350 674 388 Corinthum
706 350 817 386 altero
852 350 911 386 die
942 350 1120 400 pervenit.
1173 350 1270 388 Urbs
1302 357 1379 386 erat
1410 357 1496 388 tunc
1527 352 1711 402 praeclara
1734 361 1818 392 aute

290 413 493 456 excidium3
522 424 590 448 arx
616 423 762 461 quoque
788 417 823 447 et
837 408 991 446 Isthmus
1017 409 1217 460 praebuere
1235 409 1496 461 spectaculum:
1524 424 1593 448 arx
1606 411 1702 450 intra
1715 426 1817 450 moe—

287 474 349 510 nia
374 474 414 509 in
439 473 632 508 immanem
658 470 882 506 altitudinem
909 469 1017 515 edita,
1047 477 1184 506 scatens
1204 469 1384 506 fontibus:
1411 469 1567 506 Isthmus
1594 471 1667 507 duo
1692 473 1818 518 maria,

290 532 339 571 ab
359 543 488 570 occasu
509 538 543 568 et
564 537 646 567 ortu
667 529 752 566 solis
777 528 948 576 finitima,
967 529 1061 566 'artis
1086 527 1253 566 faucibus
1279 528 1462 566 dirimens.
1516 530 1711 578 Sicyonem
1734 531 1820 568 inde

292 600 328 630 et
353 592 471 642 Argos
495 590 637 627 nobiles
662 589 772 626 urbes
800 588 892 631 adit3
927 588 1013 625 inde
1037 587 1137 625 haud
1162 601 1288 639 parem
1314 588 1445 639 opibus
1471 589 1715 640 Epidaurum,
1756 590 1823 627 sed

292 651 463 689 inclutam
496 649 702 701 Aesculapii
735 647 849 684 nobili
880 648 1037 698 templo,
1068 648 1176 698 quod
1209 648 1370 699 quinque
1403 648 1550 685 milibus
1575 662 1747 700 passuum
1767 649 1821 687 ab

293 712 386 749 urbe
408 711 561 758 distans,
588 723 684 746 nunc
709 708 869 757 vesq'giis
889 707 1117 744 revulsorum
1144 707 1343 754 donorum,
1370 715 1449 746 tum
1474 708 1579 745 donis
1604 709 1705 746 dives
1732 716 1820 756 erat,

293 784 385 822 quae
405 769 651 808 remediorum
671 762 881 804 salutarium
907 768 1008 818 aegri
1032 767 1236 805 mercedem
1261 775 1486 805 sacraverant
1511 767 1591 805 deo.
1644 768 1732 806 Inde
1745 769 1821 806 La-

293 831 547 869 cedaemonem
568 828 661 874 adit,
686 841 761 863 non
775 839 934 876 operum
958 827 1241 877 magnificentia,
1279 828 1343 864 sed
1368 827 1556 877 disciplina
1581 828 1822 878 institutisque

292 887 581 933 memorabilem,
623 899 665 923 ac
691 885 925 929 Pallantium;
963 885 1060 921 unde
1085 898 1153 936 per
1178 885 1437 937 Megalopolim
1462 884 1820 938 Olympiam-escen·
1847 914 1851 916 -

292 950 363 992 dit;
404 947 469 984 ubi
489 954 530 983 -et
555 945 623 982 alia
648 945 797 994 quidem
822 945 1017 995 spectanda
1040 945 1137 992 visa,
1165 953 1217 991 et,
1244 946 1367 982 Iovem
1391 945 1491 982 velut
1514 954 1738 996 praesentem
1762 947 1821 983 in-

290 1016 412 1054 tuens,
445 1012 565 1043 motus
593 1004 713 1041 animo
742 1011 804 1040 est.
858 1003 983 1053 Itaque
1009 1002 1108 1040 haud
1134 1016 1255 1051 secus,
1290 1018 1398 1055 quam
1424 1005 1456 1042 si
1480 1006 1520 1042 in
1546 1005 1723 1058 Capitolio
1749 1006 1820 1043 im·-

290 1067 491 1105 molaturus
507 1071 622 1110 esset,
650 1063 865 1101 sacrificium
887 1063 1040 1114 amplius
1062 1063 1169 1100 solito
1196 1065 1364 1115 apparari
1387 1065 1500 1102 iussit.
1553 1066 1607 1103 Ita
1631 1073 1822 1116 peragrata

292 1126 463 1172 Graecia,
490 1131 531 1160 ut
556 1121 647 1159 nihil
673 1135 818 1170 eorum,
846 1136 939 1174 quae
966 1123 1120 1173 quisque
1139 1123 1262 1161 Persei
1279 1123 1376 1161 hello
1395 1125 1565 1176 privatim
1591 1132 1653 1162 aut
1676 1125 1822 1176 publice

290 1187 472 1231 sensisset,
498 1182 717 1233 inquireret,
745 1197 790 1220 ne
817 1183 918 1220 cuius
943 1191 1043 1221 metu
1069 1183 1274 1221 sollicitaret
1299 1185 1436 1221 animos
1461 1184 1660 1232 sociorum,
1686 1185 1822 1223 Deme-

290 1245 443 1284 triadem
476 1256 559 1280 cum
592 1243 805 1290 revertitur,
847 1243 886 1278 in
911 1243 1040 1280 itinere
1066 1242 1249 1280 sordidata
1274 1243 1382 1280 turba
1406 1243 1618 1281 Aetolorum
1645 1246 1820 1290 occurrit;

289 1304 507 1354 mirantique
530 1309 569 1339 et
588 1302 847 1354 percunctanti,
875 1302 965 1353 quid
988 1309 1093 1350 esset,
1119 1302 1294 1351 defertur,
1321 1303 1536 1355 quingentos
1561 1305 1821 1356 quinquaginta

395 1431 464 1468 Cap.
484 1430 615 1457 xxvm.
634 1428 765 1466 praesidi]
779 1431 914 1463 praesidio
925 1428 995 1455 cod.
1009 1443 1037 1447 —
1059 1428 1232 1462 Corinthum]
1250 1431 1405 1466 corynthum
1420 1430 1530 1458 Cod.—
1548 1431 1608 1466 arx]
1628 1443 1696 1469 aryx
1709 1431 1778 1460 cod.
1789 1448 1820 1453 —

360 1473 489 1506 Isthmus]
516 1474 634 1498 “hamus
660 1472 730 1498 cod.
753 1485 784 1490 —·
830 1470 890 1503 arx]
917 1481 984 1507 nryx
1009 1471 1078 1499 cod.
1104 1487 1134 1491 —
1172 1475 1241 1499 intra
1264 1474 1383 1507 moenia]
1409 1477 1476 1501 inter
1493 1477 1579 1501 omnia
1598 1475 1668 1503 cod.
1687 1476 1770 1503 Frob.
1792 1479 1818 1504 1.

362 1520 389 1544 2.
409 1517 495 1543 Drak.
515 1530 547 1534 —
582 1521 687 1542 scatens
706 1515 839 1547 fontibus]
859 1517 888 1541 in
906 1521 1047 1541 sca-‘emm
1057 1516 1183 1550 sortibus
1202 1515 1271 1544 cod.
1285 1531 1315 1536 —-
1351 1518 1477 1551 ludimus]
1498 1519 1615 1544 amamus
1635 1518 1704 1545 cod.
1719 1533 1750 1538 —
1785 1520 1819 1545 ab

328 1558 472 1598 stet-asu]
494 1568 603 1587 occasu.
624 1559 723 1584 omisso
741 1559 792 1592 ab,
813 1556 882 1585 cod.
896 1571 927 1576 —
963 1557 1122 1593 Sicyonem]
1142 1559 1264 1594 Scyonem
1283 1558 1352 1588 cod.
1366 1575 1397 1579 —
1432 1560 1518 1595 haud]
1532 1568 1580 1588 aut
1599 1560 1668 1589 cod.
1682 1576 1714 1581 —
1748 1562 1820 1600 Epi—
1872 1583 1881 1586 c

363 1604 493 1636 ‹lam-um,
514 1602 561 1629 sed
580 1602 710 1628 inclutam
728 1602 885 1638 Aesculapii
903 1601 988 1627 nobili
1006 1602 1122 1638 templo]
1136 1604 1301 1636 Epidaurum
1319 1606 1367 1630 ced
1385 1604 1510 1640 inclytum
1526 1606 1693 1639 Epidaurum
1711 1608 1758 1632 sed
1774 1608 1819 1633 in·-

363 1647 465 1673 eluium
484 1646 632 1679 Aaculaffi
649 1644 761 1670 nobilita
779 1641 876 1679 templo
901 1644 971 1671 cod.
991 1645 1115 1680 inclytam
1137 1645 1219 1672 Frob.
1241 1648 1266 1673 1.
1286 1648 1313 1674 2.
1333 1648 1451 1673 inclitam
1468 1647 1554 1675 Drak.
1573 1648 1659 1675 Bekk.
1678 1663 1709 1668 —-
1744 1650 1819 1676 mili-

361 1688 426 1722 bus]
452 1688 572 1715 millibus
596 1688 679 1715 Frob.
706 1689 732 1715 2.
751 1687 839 1715 Drak.
859 1703 890 1707 —
925 1687 1106 1722 revulsorum]
1126 1688 1286 1716 nucleorum
1310 1689 1380 1718 cod.
1399 1704 1430 1709 —
1465 1690 1556 1725 donis]
1583 1694 1678 1718 donum
1701 1692 1769 1720 Cod.
1788 1707 1819 1713 —

365 1732 443 1768 quan]
465 1743 516 1766 que
534 1731 603 1757 cod.
618 1745 647 1749 —
684 1731 917 1757 Lacedaemonem
935 1730 1002 1763 adit]
1022 1734 1224 1758 Laecae-monem
1242 1735 1308 1760 adid
1325 1726 1394 1761 Co'd.
1408 1748 1439 1753 —
1475 1736 1690 1770 memorabilem,
1709 1747 1740 1763 ac
1755 1738 1820 1764 Pal-

364 1774 488 1806 lamium]
509 1773 702 1799 memorabilem
721 1783 753 1798 αι·
771 1773 904 1798 silentium
923 1773 993 1800 Cod.
1012 1775 1219 1809 memorabilem,
1244 1778 1337 1803 ceteris
1356 1779 1476 1812 omissis,
1495 1778 1578 1806 Frolh
1599 1780 1624 1806 1.
1640 1781 1666 1807 2.
1685 1780 1770 1807 Drak.
1788 1794 1821 1800 --

365 1817 497 1849 escendit]
518 1817 563 1843 Sic
583 1817 652 1843 cod.
673 1818 792 1842 ascendit
811 1817 892 1843 Frob.
913 1818 938 1844 1.
958 1820 985 1844 2.
1006 1820 1142 1844 adscendit
1160 1819 1246 1846 Drak.
1265 1834 1297 1839 —
1331 1822 1405 1855 vitu,
1431 1820 1469 1854 et]
1490 1828 1515 1847 et
1532 1824 1591 1848 vina
1609 1822 1678 1850 cod.
1698 1839 1728 1843 —
1763 1826 1819 1850 im-

364 1861 512 1887 melanurus
531 1859 612 1892 esset]
633 1859 809 1885 immolaturus
829 1868 897 1886 esset
915 1861 1000 1887 Drak.
1021 1875 1052 1879 —
1088 1862 1225 1898 apparari]
1245 1865 1372 1897 adparari
1388 1864 1474 1891 Drak.
1493 1878 1525 1883 —
1559 1866 1710 1902 peragrata]
1728 1877 1821 1900 peram

360 1910 458 1940 grata,
483 1903 586 1937 syllaba
603 1913 649 1935 per
666 1905 695 1927 in
713 1911 808 1928 vernus
828 1901 883 1928 fine
901 1905 1003 1938 posita,
1030 1903 1100 1930 cod.
1121 1918 1151 1922 —
1187 1905 1228 1937 ut]
1248 1913 1295 1931 aut
1313 1905 1383 1933 cod.
1402 1920 1432 1925 ·—
1469 1907 1552 1943 quae]
1573 1919 1623 1942 que
1651 1921 1681 1927 —-
1711 1909 1768 1941 aut]
1788 1920 1821 1936 ae

364 1946 446 1972 Frob.
472 1947 500 1972 2.
525 1958 555 1964 -—
591 1944 711 1980 publice]
736 1945 863 1982 publicae
887 1944 956 1972 cod.
975 1959 1006 1965 -
1042 1949 1146 1974 animo·
1171 1948 1317 1982 sociorum]
1343 1950 1430 1975 am'mo
1449 1952 1578 1987 cof-iorum
1603 1949 1670 1978 cod.
1690 1965 1718 1970 -
1756 1961 1820 1979 cum

365 1987 516 2020 revertitur]
544 1998 602 2013 cum
626 1990 728 2014 revertit
753 1987 822 2015 Cod.
843 1988 925 2015 Frob.
953 1990 978 2016 1.
1004 1992 1031 2016 2.
1052 2001 1132 2023 quum
1156 1993 1260 2017 revertit
1283 1992 1370 2019 Drak.
1396 2007 1427 2011 —
1462 1993 1633 2028 Aetolorum]
1656 1994 1819 2022 naetolorum

365 2031 434 2057 Cod.
448 2045 478 2049 -—
513 2030 642 2062 occurrit]
664 2031 777 2056 obcurrit
794 2031 879 2057 Drak.
894 2045 924 2049 -
959 2032 1157 2068 percunctanti]
1174 2036 1337 2067 percunctati
1355 2034 1424 2063 cod.
1438 2049 1468 2054 —
1504 2039 1662 2073 quingento·
1681 2039 1818 2075 quiuqua-
